@inproceedings{HeinonenAISTATS25,
title={Robust Classification by Coupling Data Mollification with Label Smoothing},
author={Markus Heinonen and Ba-Hien Tran and Michael Kampffmeyer and Maurizio Filippone},
booktitle={The 28th International Conference on Artificial Intelligence and Statistics},
year={2025},
url={https://openreview.net/forum?id=ObNPRUia5P}
}

@inproceedings{LheritierAISTATS25,
title={Unconditionally Calibrated Priors for Beta Mixture Density Networks},
author={Alix Lh{\'e}ritier and Maurizio Filippone},
booktitle={The 28th International Conference on Artificial Intelligence and Statistics},
year={2025},
url={https://openreview.net/forum?id=JNWYDk3AnT}
}

@inproceedings{BenechehabICLR25,
title={Zero-shot Model-based Reinforcement Learning using Large Language Models},
author={Abdelhakim Benechehab and Youssef Attia El Hili and Ambroise Odonnat and Oussama Zekri and Albert Thomas and Giuseppe Paolo and Maurizio Filippone and Ievgen Redko and Bal{\'a}zs K{\'e}gl},
booktitle={The Thirteenth International Conference on Learning Representations},
year={2025},
url={https://openreview.net/forum?id=uZFXpPrwSh}
}


@InProceedings{PapamarkouICML24,
  title = 	 {Position: {B}ayesian Deep Learning is Needed in the Age of Large-Scale {AI}},
  author =       {Papamarkou, Theodore and Skoularidou, Maria and Palla, Konstantina and Aitchison, Laurence and Arbel, Julyan and Dunson, David and Filippone, Maurizio and Fortuin, Vincent and Hennig, Philipp and Hern\'{a}ndez-Lobato, Jos\'{e} Miguel and Hubin, Aliaksandr and Immer, Alexander and Karaletsos, Theofanis and Khan, Mohammad Emtiyaz and Kristiadi, Agustinus and Li, Yingzhen and Mandt, Stephan and Nemeth, Christopher and Osborne, Michael A and Rudner, Tim G. J. and R\"{u}gamer, David and Teh, Yee Whye and Welling, Max and Wilson, Andrew Gordon and Zhang, Ruqi},
  booktitle = 	 {Proceedings of the 41st International Conference on Machine Learning},
  pages = 	 {39556--39586},
  year = 	 {2024},
  editor = 	 {Salakhutdinov, Ruslan and Kolter, Zico and Heller, Katherine and Weller, Adrian and Oliver, Nuria and Scarlett, Jonathan and Berkenkamp, Felix},
  volume = 	 {235},
  series = 	 {Proceedings of Machine Learning Research},
  month = 	 {21--27 Jul},
  publisher =    {PMLR},
  pdf = 	 {https://raw.githubusercontent.com/mlresearch/v235/main/assets/papamarkou24b/papamarkou24b.pdf},
  url = 	 {https://proceedings.mlr.press/v235/papamarkou24b.html},
}

@inproceedings{TranNeurIPS23,
 author = {Tran, Ba-Hien and Franzese, Giulio and Michiardi, Pietro and Filippone, Maurizio},
 booktitle = {Advances in Neural Information Processing Systems},
 editor = {A. Oh and T. Neumann and A. Globerson and K. Saenko and M. Hardt and S. Levine},
 pages = {6545--6567},
 publisher = {Curran Associates, Inc.},
 title = {One-Line-of-Code Data Mollification Improves Optimization of Likelihood-based Generative Models},
 url = {https://proceedings.neurips.cc//paper_files/paper/2023/hash/1516a7f7507d5550db5c7f29e995ec8c-Abstract-Conference.html},
 volume = {36},
 year = {2023}
}


@inproceedings{FranzeseNeurIPS23,
 author = {Franzese, Giulio and Corallo, Giulio and Rossi, Simone and Heinonen, Markus and Filippone, Maurizio and Michiardi, Pietro},
 booktitle = {Advances in Neural Information Processing Systems},
 editor = {A. Oh and T. Neumann and A. Globerson and K. Saenko and M. Hardt and S. Levine},
 pages = {37370--37400},
 publisher = {Curran Associates, Inc.},
 title = {Continuous-Time Functional Diffusion Processes},
 url = {https://proceedings.neurips.cc//paper_files/paper/2023/hash/75cd262a3fd8e76e37bb7941db141a1d-Abstract-Conference.html},
 volume = {36},
 year = {2023}
}


@InProceedings{WackerAISTATS23,
  title = 	 {Complex-to-Real Sketches for Tensor Products with Applications to the Polynomial Kernel},
  author =       {Wacker, Jonas and Ohana, Ruben and Filippone, Maurizio},
  booktitle = 	 {Proceedings of The 26th International Conference on Artificial Intelligence and Statistics},
  pages = 	 {5181--5212},
  year = 	 {2023},
  editor = 	 {Ruiz, Francisco and Dy, Jennifer and van de Meent, Jan-Willem},
  volume = 	 {206},
  series = 	 {Proceedings of Machine Learning Research},
  month = 	 {25--27 Apr},
  publisher =    {PMLR},
  url = 	 {https://proceedings.mlr.press/v206/wacker23a.html},
}



@InProceedings{FranzeseICML22,
  title = 	 {Revisiting the Effects of Stochasticity for {H}amiltonian Samplers},
  author =       {Franzese, Giulio and Milios, Dimitrios and Filippone, Maurizio and Michiardi, Pietro},
  booktitle = 	 {Proceedings of the 39th International Conference on Machine Learning},
  pages = 	 {6744--6778},
  year = 	 {2022},
  editor = 	 {Chaudhuri, Kamalika and Jegelka, Stefanie and Song, Le and Szepesvari, Csaba and Niu, Gang and Sabato, Sivan},
  volume = 	 {162},
  series = 	 {Proceedings of Machine Learning Research},
  month = 	 {17--23 Jul},
  publisher =    {PMLR},
  url = 	 {https://proceedings.mlr.press/v162/franzese22a.html},
}


@inproceedings{TranNIPS21,
title={Model Selection for {B}ayesian Autoencoders},
author={Ba-Hien Tran and Simone Rossi and Dimitrios Milios and Pietro Michiardi and Edwin V Bonilla and Maurizio Filippone},
booktitle={Advances in Neural Information Processing Systems},
editor={A. Beygelzimer and Y. Dauphin and P. Liang and J. Wortman Vaughan},
year={2021},
url={https://openreview.net/forum?id=KPLf9FhwEqZ}
}

@InProceedings{TranICML21,
  title = 	 {{Sparse within Sparse Gaussian Processes using Neighbor Information}},
  author =       {Tran, Gia-Lac and Milios, Dimitrios and Michiardi, Pietro and Filippone, Maurizio},
  booktitle = 	 {Proceedings of the 38th International Conference on Machine Learning},
  pages = 	 {10369--10378},
  year = 	 {2021},
  editor = 	 {Meila, Marina and Zhang, Tong},
  volume = 	 {139},
  series = 	 {Proceedings of Machine Learning Research},
  month = 	 {18--24 Jul},
  publisher =    {PMLR},
  url = 	 {https://proceedings.mlr.press/v139/tran21a.html},
}

@InProceedings{MitaICML21,
  title = 	 {{An Identifiable Double VAE For Disentangled Representations}},
  author =       {Mita, Graziano and Filippone, Maurizio and Michiardi, Pietro},
  booktitle = 	 {Proceedings of the 38th International Conference on Machine Learning},
  pages = 	 {7769--7779},
  year = 	 {2021},
  editor = 	 {Meila, Marina and Zhang, Tong},
  volume = 	 {139},
  series = 	 {Proceedings of Machine Learning Research},
  month = 	 {18--24 Jul},
  publisher =    {PMLR},
  url = 	 {https://proceedings.mlr.press/v139/mita21a.html},
}

@InProceedings{RossiAISTATS21,
  title = 	 {{Sparse Gaussian Processes Revisited: Bayesian Approaches to Inducing-Variable Approximations}},
  author =       {Rossi, Simone and Heinonen, Markus and Bonilla, Edwin and Shen, Zheyang and Filippone, Maurizio},
  booktitle = 	 {Proceedings of The 24th International Conference on Artificial Intelligence and Statistics},
  pages = 	 {1837--1845},
  year = 	 {2021},
  editor = 	 {Banerjee, Arindam and Fukumizu, Kenji},
  volume = 	 {130},
  series = 	 {Proceedings of Machine Learning Research},
  month = 	 {13--15 Apr},
  publisher =    {PMLR},
  url = 	 {https://proceedings.mlr.press/v130/rossi21a.html},
}


@inproceedings{RossiNIPS20,
 author = {Rossi, Simone and Marmin, Sebastien and Filippone, Maurizio},
 booktitle = {Advances in Neural Information Processing Systems},
 editor = {H. Larochelle and M. Ranzato and R. Hadsell and M.F. Balcan and H. Lin},
 pages = {9674--9686},
 publisher = {Curran Associates, Inc.},
 title = {{Walsh-Hadamard} Variational Inference for {B}ayesian Deep Learning},
 url = {https://proceedings.neurips.cc/paper/2020/file/6df182582740607da754e4515b70e32d-Paper.pdf},
 volume = {33},
 year = {2020}
}


@inproceedings{MitaAISTATS20,
  author    = {Graziano Mita and Paolo Papotti and Maurizio Filippone and Pietro Michiardi},
  title     = {{LIBRE: Learning Interpretable Boolean Rule Ensembles}},
  booktitle  = {AISTATS 2020, Palermo, Italy},
  year      = {2020}, 
  url       = {https://arxiv.org/abs/1911.06537},
}


@inproceedings{RossiBDL19,
  booktitle  = {Bayesian Deep Learning Workshop, NeurIPS},
    title={Efficient Approximate Inference with Walsh-Hadamard Variational Inference},
    author={Simone Rossi and Sebastien Marmin and Maurizio Filippone},
    year={2019},
    archivePrefix={arXiv},
    primaryClass={stat.ML},
  url       = {http://bayesiandeeplearning.org},
}

@inproceedings{NemethNIPS19,
    author = {Christopher Nemeth and Fredrik Lindsten and Maurizio Filippone and James Hensman},
    title = {{Pseudo-extended Markov chain Monte Carlo}},
    year = {2019},
  booktitle = {Advances in Neural Information Processing Systems 32: Annual Conference
               on Neural Information Processing Systems 2019, 9-12 December 2019,
               Vancouver, British Columbia, Canada},
    url = {http://arxiv.org/abs/1708.05239},
}

@inproceedings{RossiICML19,
  author    = {Simone Rossi and
               Pietro Michiardi and
               Maurizio Filippone},
  title     = {{Good Initializations of Variational Bayes for Deep Models}},
  booktitle  = {Proceedings of the 36th International Conference on Machine Learning, ICML 2019, Long Beach, USA, 2019},
  year       = {2019},
  url       = {https://arxiv.org/abs/1810.08083},
}

@inproceedings{TranAISTATS19,
  author    = {Gia-Lac Tran and
               Edwin V. Bonilla and
               John P. Cunningham and
               Pietro Michiardi and
               Maurizio Filippone},
  title     = {{Calibrating Deep Convolutional Gaussian Processes}},
  booktitle  = {AISTATS 2019, Naha, Japan, 2019},
  year      = {2019},
  url       = {http://arxiv.org/abs/1805.10522},
}

@inproceedings{NguyenSAC19,
  author    = {Duc{-}Trung Nguyen and
               Maurizio Filippone and
               Pietro Michiardi},
  title     = {Exact {G}aussian process regression with distributed computations},
  booktitle = {Proceedings of the 34th {ACM/SIGAPP} Symposium on Applied Computing,
               {SAC} 2019, Limassol, Cyprus, April 8-12, 2019},
  pages     = {1286--1295},
  year      = {2019},
  url       = {https://doi.org/10.1145/3297280.3297409},
  editor    = {Chih{-}Cheng Hung and
               George A. Papadopoulos},
  publisher = {{ACM}},
}
@inproceedings{MiliosNIPS18,
  author    = {Dimitrios Milios and
               Raffaello Camoriano and
               Pietro Michiardi and
               Lorenzo Rosasco and
               Maurizio Filippone},
  title     = {{Dirichlet-based Gaussian Processes for Large-scale Calibrated Classification}},
  year      = {2018},
  booktitle = {Advances in Neural Information Processing Systems 31: Annual Conference
               on Neural Information Processing Systems 2018, December 3-7 2018,
               Montreal, Quebec, Canada},
  url       = {http://arxiv.org/abs/1805.10915},
}


@inproceedings{LorenziICML18,
  author     = {Marco Lorenzi and Maurizio Filippone},
  title      = {{Constraining the Dynamics of Deep Probabilistic Models}},
  booktitle  = {Proceedings of the 35th International Conference on Machine Learning, ICML 2018, Stockholm, Sweden, 2018},
  year       = {2018},
  url       = {https://arxiv.org/abs/1802.05680},
}


@inproceedings{FitzsimonsECML17,
    author = {Jack Fitzsimons and Diego Granziol and Kurt Cutajar and Michael Osborne and Maurizio Filippone and Stephen Roberts},
    title = {{Entropic Trace Estimates for Log Determinants}},
    booktitle = {Machine Learning and Knowledge Discovery in Databases - European Conference, ECML PKDD 2017, Skopje, Macedonia, September 18-22, 2017},
    year = {2017},
    url = {http://arxiv.org/abs/1704.07223},
}

@inproceedings{FitzsimonsUAI17,
    author = {Jack Fitzsimons and Kurt Cutajar and Michael Osborne and Stephen Roberts and Maurizio Filippone},
    title = {{Bayesian Inference of Log Determinants}},
    year = {2017},
    booktitle = {Thirty-Third Conference on Uncertainty in Artificial Intelligence, {UAI} 2017, August 11-15, 2017, Sydney, Australia},
    url = {http://arxiv.org/abs/1704.01445},
}

@inproceedings{KrauthUAI17,
    author = {Krauth, Karl and Bonilla, Edwin V. and Cutajar, Kurt and Filippone, Maurizio},
    booktitle = {Thirty-Third Conference on Uncertainty in Artificial Intelligence, {UAI} 2017, August 11-15, 2017, Sydney, Australia},
    citeulike-article-id = {14459274},
    title = {{AutoGP}: {E}xploring the Capabilities and Limitations of {G}aussian Process Models},
    year = {2017},
  url       = {http://arxiv.org/abs/1610.05392},
}


@inproceedings{CutajarICML17,
  author     = {Kurt Cutajar and Edwin V. Bonilla and Pietro Michiardi and Maurizio Filippone},
  title      = {Random Feature Expansions for Deep {G}aussian Processes},
  booktitle  = {Proceedings of the 34th International Conference on Machine Learning, ICML 2017, Sydney, Australia, August 6-11, 2017},
  year       = {2017},
}

@inproceedings{HanIJCNN17,
  author     = {Yufei Han and Maurizio Filippone},
  title      = {Mini-Batch Spectral Clustering},
  booktitle  = {2016 International Joint Conference on Neural Networks, {IJCNN} 2017, Anchorage, AK, USA, May 14-19, 2017},
  publisher  = {{IEEE}},
  year       = {2017},
}

@inproceedings{CutajarDGP_ARCCOS16,
  author     = {Kurt Cutajar and Edwin V. Bonilla and Pietro Michiardi and Maurizio Filippone},
  title      = {Accelerating Deep {G}aussian Processes Inference with Arc-Cosine Kernels},
  booktitle  = {Bayesian Deep Learning Workshop, NIPS},
  year       = {2016},
  url       = {http://bayesiandeeplearning.org},
}

@inproceedings{XiongACMMM16,
  author    = {Xiaoyu Xiong and
               Maurizio Filippone and
               Alessandro Vinciarelli},
  title     = {Looking Good With Flickr Faves: {G}aussian Processes for Finding Difference Makers in Personality Impressions},
  booktitle = {ACM Multimedia},
  year      = {2016},
}

@inproceedings{CutajarICML16,
  author     = {Kurt Cutajar and Michael A. Osborne and John P. Cunningham and Maurizio Filippone},
  title      = {Preconditioning Kernel Matrices},
  booktitle  =  {Proceedings of the 33rd International Conference on Machine Learning, ICML 2016, New York City, USA, June 19-24, 2016},
  year       = {2016},
}

@inproceedings{NiuICML16,
  author     = {Mu Niu and Simon Rogers and Maurizio Filippone and Dirk Husmeier},
  title      = {Fast Inference in Nonlinear Dynamical Systems using Gradient Matching},
  booktitle  =  {Proceedings of the 33rd International Conference on Machine Learning, ICML 2016, New York City, USA, June 19-24, 2016},
  year       = {2016},
}

@inproceedings{HensmanNIPS15,
  author     = {James Hensman and Alexander G. de G. Matthews and Maurizio Filippone and Zoubin Ghahramani},
  title      = {{MCMC} for Variationally Sparse {G}aussian Processes},
  booktitle = {Advances in Neural Information Processing Systems 28: Annual Conference
               on Neural Information Processing Systems 2015, December 7-12 2015,
               Montreal, Quebec, Canada},
  year       = {2015},
}

@inproceedings{DellAmicoCCS15,
  author     = {Matteo Dell'Amico and Maurizio Filippone},
  title      = {{M}onte {C}arlo Strength Evaluation: Fast and Reliable Password Checking}, 
  booktitle = {Proceedings of the 22nd ACM Conference on Computer and Communications Security},
  year       = {2015},
}

@inproceedings{FilipponeICML15,
  author     = {Maurizio Filippone and Raphael Engler},
  title      = {Enabling scalable stochastic gradient-based inference for {G}aussian processes by employing the {U}nbiased {LI}near {S}ystem {S}olv{E}r ({ULISSE})}, 
  booktitle = {Proceedings of the 32nd International Conference on Machine Learning, ICML 2015, Lille, France, July 6-11, 2015},
  year       = {2015},
}

@inproceedings{FilipponeICPR14,
  author    = {Maurizio Filippone},
  title     = {Bayesian Inference for {G}aussian Process Classifiers with Annealing
               and Pseudo-Marginal {MCMC}},
  booktitle = {22nd International Conference on Pattern Recognition, {ICPR} 2014,
               Stockholm, Sweden, August 24-28, 2014},
  pages     = {614--619},
  year      = {2014},
  url       = {http://dx.doi.org/10.1109/ICPR.2014.116},
}

@inproceedings{OHarneyICPR14,
  author    = {Andrew D. O'Harney and
               Andre Marquand and
               Katya Rubia and
               Kaylita Chantiluke and
               Anna B. Smith and
               Ana Cubillo and
               Camilla Blain and
               Maurizio Filippone},
  title     = {Pseudo-Marginal {B}ayesian Multiple-Class Multiple-Kernel Learning for
               Neuroimaging Data},
  booktitle = {22nd International Conference on Pattern Recognition, {ICPR} 2014,
               Stockholm, Sweden, August 24-28, 2014},
  pages     = {3185--3190},
  year      = {2014},
  url       = {http://dx.doi.org/10.1109/ICPR.2014.549},
  timestamp = {Fri, 12 Dec 2014 08:41:49 +0100},
  biburl    = {http://dblp.uni-trier.de/rec/bib/conf/icpr/OHarneyMRCSCBF14},
  bibsource = {dblp computer science bibliography, http://dblp.org}
}

@inproceedings{DondelingerAISTATS13,
  author    = {Frank Dondelinger and
               Maurizio Filippone and
               Simon Rogers and
               Dirk Husmeier},
  title     = {{ODE} parameter inference using adaptive gradient matching with {G}aussian processes},
  booktitle = {AISTATS},
  year      = {2013},
  notes     = {To appear},
}

@inproceedings{KimACMMM12,
  author    = {Samuel Kim and
               Maurizio Filippone and
               Fabio Valente and
               Alessandro Vinciarelli},
  title     = {Predicting the conflict level in television political debates:
               an approach based on crowdsourcing, nonverbal communication
               and {G}aussian processes},
  booktitle = {Proceedings of the 20th ACM Multimedia Conference, MM '12,
               Nara, Japan, October 29 - November 02, 2012},
  publisher = {ACM},
  year      = {2012},
  pages     = {793-796},
  url        = {http://doi.acm.org/10.1145/2393347.2396314},
}

@inproceedings{MohammadiACMMM12,
  author    = {Gelareh Mohammadi and
               Antonio Origlia and
               Maurizio Filippone and
               Alessandro Vinciarelli},
  title     = {From speech to personality: mapping voice quality and intonation
               into personality differences},
  booktitle = {Proceedings of the 20th ACM Multimedia Conference, MM '12,
               Nara, Japan, October 29 - November 02, 2012},
  publisher = {ACM},
  year      = {2012},
  pages     = {789-792},
  url        = {http://doi.acm.org/10.1145/2393347.2396313},
}

@inproceedings{BarbaraVM08,
  author    = {Daniel Barbar{\'a} and
               Carlotta Domeniconi and
               Zoran Duric and
               Maurizio Filippone and
               Richard Mansfield and
               Edgard Lawson},
  title     = {Detecting Suspicious Behavior in Surveillance Images},
  booktitle     = {Workshops Proceedings of the 8th IEEE International Conference
               on Data Mining (ICDM 2008), December 15-19, 2008, Pisa,
               Italy},
  publisher = {IEEE},
  year      = {2008},
  pages     = {891-900},
  url       = {http://dx.doi.org/10.1109/ICDMW.2008.36},
  bibsource = {DBLP, http://dblp.uni-trier.de},
}

@inproceedings{FilipponeCIBB08,
  author    = {Maurizio Filippone and
               Francesco Masulli and
               Stefano Rovetta},
  title     = {Stability and Performances in Biclustering Algorithms},
  booktitle     = {Computational Intelligence Methods for Bioinformatics and
               Biostatistics, 5th International Meeting, CIBB 2008, Vietri
               sul Mare, Italy, October 3-4, 2008, Revised Selected Papers},
  year      = {2008},
  pages     = {91-101},
  publisher = {Springer},
  series    = {Lecture Notes in Computer Science},
  volume    = {5488},
  url        = {http://dx.doi.org/10.1007/978-3-642-02504-4_8},
  bibsource = {DBLP, http://dblp.uni-trier.de}
}

@inproceedings{FilipponeWIRN08,
  author    = {Maurizio Filippone and
               Francesco Masulli and
               Stefano Rovetta},
  title     = {An Experimental Comparison of Kernel Clustering Methods},
  booktitle     = {New Directions in Neural Networks - 18th Italian Workshop
               on Neural Networks: WIRN 2008, Vietri sul Mare, Italy, May
               22-24, 2008, Revised Selected Papers},
  publisher = {IOS Press},
  series    = {Frontiers in Artificial Intelligence and Applications},
  volume    = {193},
  year      = {2008},
  pages     = {118-126},
  url        = {http://dx.doi.org/10.3233/978-1-58603-984-4-118},
  bibsource = {DBLP, http://dblp.uni-trier.de}
}

@inproceedings{CamastraKES07,
  author    = {Francesco Camastra and
               Maurizio Filippone},
  title     = {{SVM}-Based Time Series Prediction with Nonlinear Dynamics
               Methods},
  booktitle     = {Knowledge-Based Intelligent Information and Engineering
               Systems, 11th International Conference, KES 2007, XVII Italian
               Workshop on Neural Networks, Vietri sul Mare, Italy, September
               12-14, 2007, Proceedings, Part III},
  publisher = {Springer},
  series    = {Lecture Notes in Computer Science},
  volume    = {4694},
  year      = {2007},
  pages     = {300-307},
  url        = {http://dx.doi.org/10.1007/978-3-540-74829-8_37},
  bibsource = {DBLP, http://dblp.uni-trier.de},
}

@inproceedings{RovettaKES07,
  author    = {Stefano Rovetta and
               Francesco Masulli and
               Maurizio Filippone},
  title     = {Membership Embedding Space Approach and Spectral Clustering},
  booktitle     = {Knowledge-Based Intelligent Information and Engineering
               Systems, 11th International Conference, KES 2007, XVII Italian
               Workshop on Neural Networks, Vietri sul Mare, Italy, September
               12-14, 2007, Proceedings, Part III},
  publisher = {Springer},
  series    = {Lecture Notes in Computer Science},
  volume    = {4694},
  year      = {2007},
  pages     = {901-908},
  url        = {http://dx.doi.org/10.1007/978-3-540-74829-8_110},
  bibsource = {DBLP, http://dblp.uni-trier.de},
}

@inproceedings{CanestrelliIJCNN07,
  author    = {Elio Canestrelli and
               Paolo Canestrelli and
               Marco Corazza and
               Maurizio Filippone and
               Silvio Giove and
               Francesco Masulli},
  title     = {Local Learning of Tide Level Time Series using a Fuzzy Approach},
  booktitle     = {Proceedings of the International Joint Conference on Neural
               Networks, IJCNN 2007, Celebrating 20 years of neural networks,
               Orlando, Florida, USA, August 12-17, 2007},
  publisher = {IEEE},
  year      = {2007},
  pages     = {1813-1818},
  url        = {http://dx.doi.org/10.1109/IJCNN.2007.4371233},
  bibsource = {DBLP, http://dblp.uni-trier.de},
}

@inproceedings{FilipponeWILF07,
  author    = {Maurizio Filippone and
               Francesco Masulli and
               Stefano Rovetta},
  title     = {Possibilistic Clustering in Feature Space},
  booktitle     = {Applications of Fuzzy Sets Theory, 7th International Workshop
               on Fuzzy Logic and Applications, WILF 2007, Camogli, Italy,
               July 7-10, 2007, Proceedings},
  series    = {Lecture Notes in Computer Science},
  volume    = {4578},
  publisher = {Springer},
  year      = {2007},
  pages     = {219-226},
  url        = {http://dx.doi.org/10.1007/978-3-540-73400-0_27},
  bibsource = {DBLP, http://dblp.uni-trier.de},
}

@inproceedings{FilipponeCMSB06,
  author    = {Maurizio Filippone and
               Francesco Masulli and
               Stefano Rovetta and
               Sushmita Mitra and
               Haider Banka},
  title     = {Possibilistic Approach to Biclustering: An Application to
               Oligonucleotide Microarray Data Analysis},
  booktitle     = {Computational Methods in Systems Biology, International
               Conference, CMSB 2006, Trento, Italy, October 18-19, 2006,
               Proceedings},
  publisher = {Springer},
  series    = {Lecture Notes in Computer Science},
  volume    = {4210},
  year      = {2006},
  pages     = {312-322},
  url        = {http://dx.doi.org/10.1007/11885191_22},
  bibsource = {DBLP, http://dblp.uni-trier.de},
}

@inproceedings{FilipponeCISI06,
  author    = {Maurizio Filippone and
               Francesco Masulli and
               Stefano Rovetta and
               Sergiu-Petre Constantinescu},
  title     = {Input Selection with Mixed Data Sets: A Simulated Annealing Wrapper Approach},
  booktitle = {CISI 06 - Conferenza Italiana Sistemi Intelligenti},
  year      = {2006},
  address   = {Ancona - Italy},
  month     = {27-29 September},
}


@inproceedings{FilipponeCIBB06,
  author    = {Maurizio Filippone and
               Francesco Masulli and
               Stefano Rovetta},
  title     = {Gene Expression Data Analysis in the Membership Embedding Space: A Constructive Approach.},
  booktitle = {CIBB 2006 - Third International Meeting on Computational Intelligence Methods for Bioinformatics and Biostatistics},
  year      = {2006},
  address   = {Genova - Italy},
  month     = {29-31 August},
}


@inproceedings{FilipponeIJCNN06,
  author    = {Maurizio Filippone and
               Francesco Masulli and
               Stefano Rovetta},
  title     = {Supervised Classification and Gene Selection Using Simulated
               Annealing},
  booktitle     = {Proceedings of the International Joint Conference on Neural
               Networks, IJCNN 2006, part of the IEEE World Congress on
               Computational Intelligence, WCCI 2006, Vancouver, BC, Canada,
               16-21 July 2006},
  publisher = {IEEE},
  year      = {2006},
  pages     = {3566-3571},
  url        = {http://dx.doi.org/10.1109/IJCNN.2006.247366},
  bibsource = {DBLP, http://dblp.uni-trier.de},
}

@inproceedings{FilipponeWILF05,
  author    = {Maurizio Filippone and
               Francesco Masulli and
               Stefano Rovetta},
  title     = {Unsupervised Gene Selection and Clustering Using Simulated Annealing.},
  booktitle     = {Fuzzy Logic and Applications, 6th International Workshop,
               WILF 2005, Crema, Italy, September 15-17, 2005, Revised
               Selected Papers},
  publisher = {Springer},
  series    = {Lecture Notes in Computer Science},
  volume    = {3849},
  year      = {2005},
  pages     = {229-235},
  url        = {http://dx.doi.org/10.1007/11676935_28},
  bibsource = {DBLP, http://dblp.uni-trier.de},
}

@inproceedings{MasulliCIBIO05,
  author    = {Francesco Masulli and
                  Stefano Rovetta and
                  Maurizio Filippone},
  title     = {Clustering Genomic Data in the Membership Embedding Space},
  booktitle = {CI-BIO - Workshop on Computational Intelligence Approaches for the Analysis of Bioinformatics Data},
  year      = {2005},
  address   = {Montreal - Canada},
  month     = {5 August},
}


@inproceedings{RovettaWIRN05,
  author    = {Stefano Rovetta and
               Francesco Masulli and
               Maurizio Filippone},
  title     = {Soft Rank Clustering},
  booktitle     = {Neural Nets, 16th Italian Workshop on Neural Nets, WIRN
               2005, and International Workshop on Natural and Artificial
               Immune Systems, NAIS 2005, Vietri sul Mare, Italy, June
               8-11, 2005, Revised Selected Papers},
  publisher = {Springer},
  series    = {Lecture Notes in Computer Science},
  volume    = {3931},
  year      = {2005},
  pages     = {207-213},
  url        = {http://dx.doi.org/10.1007/11731177_29},
  bibsource = {DBLP, http://dblp.uni-trier.de},
}

@inproceedings{FilipponeWIRN04,
  author    = {Maurizio Filippone and
               Francesco Masulli and
               Stefano Rovetta},
  title     = {{ERAF}: a {R} Package for Regression and Forecasting},
  booktitle = {Biological and Artificial Intelligence Environments},
  pages     = {165-173},
 publisher = {Springer-Verlag New York, Inc.},
 address = {Secaucus, NJ, USA},
  year      = {2004},
}
