@article{RossiDiscussionBA19, 
url = {https://doi.org/10.1214/19-BA1145}, 
year = {2019}, 
month = {10}, 
title = {{C}ontributed discussion on "{A} {B}ayesian conjugate gradient method"}, 
author = {{R}ossi, {S}imone and {R}usu, {C}ristian and {R}osasco, {L}orenzo {A}. and {F}ilippone, {M}aurizio}, 
journal = {{B}ayesian {A}nalysis, 14(3), 2019} 
}


@article{FilipponeDiscussionSMA11,
  author     = {Maurizio Filippone and
               Antonietta Mira and
               Mark Girolami},
  title      = {Discussion of the paper: ''{S}ampling schemes for generalized linear {D}irichlet process random effects models'' by {M}. {K}yung, {J}. {G}ill, and {G}. {C}asella},
  journal    = {Statistical Methods \& Applications},
  issn       = {1618-2510},
  pages      = {295-297},
  volume     = {20},
  issue      = {3},
  year       = {2011},
  url        = {http://dx.doi.org/10.1007/s10260-011-0170-3},
}

@article{FilipponeDiscussionRSSB11,
  author    = {Maurizio Filippone},
  journal   = {Journal of the Royal Statistical Society, Series B (Statistical Methodology)},
  number    = {2},
  pages     = {164-165},
  title     = {Discussion of the paper ''{R}iemann manifold {L}angevin and {H}amiltonian {M}onte {C}arlo methods'' by {M}ark {G}irolami and {B}en {C}alderhead},
  volume    = {73},
  year      = {2011},
  url       = {http://onlinelibrary.wiley.com/doi/10.1111/j.1467-9868.2010.00765.x/full},
}

@article{StathopoulosDiscussionRSSB11,
  author    = {Vassilios Stathopoulos and 
               Maurizio Filippone},
  journal   = {Journal of the Royal Statistical Society, Series B (Statistical Methodology)},
  number    = {2},
  pages     = {167-168},
  title     = {Discussion of the paper ''{R}iemann manifold {L}angevin and {H}amiltonian {M}onte {C}arlo methods'' by {M}ark {G}irolami and {B}en {C}alderhead},
  volume    = {73},
  month     = {March},
  year      = {2011},
  url       = {http://onlinelibrary.wiley.com/doi/10.1111/j.1467-9868.2010.00765.x/full},
}

