@article{WackerJMLR24,
  author  = {Jonas Wacker and Motonobu Kanagawa and Maurizio Filippone},
  title   = {Improved Random Features for Dot Product Kernels},
  journal = {Journal of Machine Learning Research},
  year    = {2024},
  volume  = {25},
  number  = {235},
  pages   = {1--75},
  url     = {http://jmlr.org/papers/v25/22-0118.html}
}

@article{ZammitMangionSPASTA24,
title = {Spatial {B}ayesian neural networks},
journal = {Spatial Statistics},
volume = {60},
pages = {100825},
year = {2024},
issn = {2211-6753},
url = {https://www.sciencedirect.com/science/article/pii/S2211675324000162},
author = {Andrew Zammit-Mangion and Michael D. Kaminski and Ba-Hien Tran and Maurizio Filippone and Noel Cressie},
}

@Article{FranzeseENTROPY23,
AUTHOR = {Franzese, Giulio and Rossi, Simone and Yang, Lixuan and Finamore, Alessandro and Rossi, Dario and Filippone, Maurizio and Michiardi, Pietro},
TITLE = {How Much Is Enough? A Study on Diffusion Times in Score-Based Generative Models},
JOURNAL = {Entropy},
VOLUME = {25},
YEAR = {2023},
NUMBER = {4},
ARTICLE-NUMBER = {633},
url = {https://www.mdpi.com/1099-4300/25/4/633},
ISSN = {1099-4300},
}

@article{TranJMLR22,
  author  = {Ba-Hien Tran and Simone Rossi and Dimitrios Milios and Maurizio Filippone},
  title   = {All You Need is a Good Functional Prior for {B}ayesian Deep Learning},
  journal = {Journal of Machine Learning Research},
  year    = {2022},
  volume  = {23},
  number  = {74},
  pages   = {1--56},
  url     = {https://jmlr.org/papers/v23/20-1340.html}
}

@article{MarminBA21,
author = {S{\'e}bastien Marmin and Maurizio Filippone},
title = {{Deep Gaussian Processes for Calibration of Computer Models (with Discussion)}},
volume = {17},
journal = {Bayesian Analysis},
number = {4},
publisher = {International Society for Bayesian Analysis},
pages = {1301 -- 1350},
year = {2022},
URL = {https://doi.org/10.1214/21-BA1293}
}


@article{CarotaISR21,
author = {Carota, Cinzia and Filippone, Maurizio and Polettini, Silvia},
title = {Assessing {B}ayesian Semi-Parametric Log-Linear Models: An Application to Disclosure Risk Estimation},
journal = {International Statistical Review},
volume = {90},
number = {1},
pages = {165-183},
url = {https://onlinelibrary.wiley.com/doi/abs/10.1111/insr.12471},
year = {2022}
}


@article{ZammitMangionJASA21,
author = {Andrew Zammit-Mangion, Tin Lok James Ng, Quan Vu and Maurizio Filippone},
title = {Deep Compositional Spatial Models},
journal = {Journal of the American Statistical Association},
volume = {117},
number = {540},
pages = {1787-1808},
year = {2022},
publisher = {Taylor & Francis},
url = {https://doi.org/10.1080/01621459.2021.1887741}
}


@article{DominguesAIRE19,
  author    = {Remi Domingues and
               Pietro Michiardi and
               J\'sr\'emie Barlet and
               Maurizio Filippone},
  title     = {{A comparative evaluation of novelty detection algorithms for discrete sequences}},
  journal   = {Artificial Intelligence Review},
volume = {53},
pages = {3787-3812},
  year      = {2020},
  url       = {https://doi.org/10.1007/s10462-019-09779-4},
}


@article{LorenziNI19,
  author    = {Marco Lorenzi and
               Maurizio Filippone and
               Giovanni B. Frisoni and
               Daniel C. Alexander and
               S{\'{e}}bastien Ourselin},
  title     = {Probabilistic disease progression modeling to characterize diagnostic
               uncertainty: Application to staging and prediction in Alzheimer's
               disease},
  journal   = {NeuroImage},
  volume    = {190},
  pages     = {56--68},
  year      = {2019},
  url       = {10.1016/j.neuroimage.2017.08.059},
  timestamp = {Sun, 02 Jun 2019 20:49:44 +0200},
  biburl    = {https://dblp.org/rec/journals/neuroimage/LorenziFFAA19.bib},
  bibsource = {dblp computer science bibliography, https://dblp.org}
}


@article{DominguesML18,
  author    = {Remi Domingues and
               Pietro Michiardi and
               Jihane Zouaoui and
               Maurizio Filippone},
  title     = {{Deep Gaussian Process autoencoders for novelty detection}},
  journal   = {Machine Learning},
  volume    = {107},
  number    = {8-10},
  pages     = {1363--1383},
  year      = {2018},
  url       = {https://doi.org/10.1007/s10994-018-5723-3},
}

@article{DominguesPR18,
  author    = {Remi Domingues and
               Maurizio Filippone and
               Pietro Michiardi and
               Jihane Zouaoui},
  title     = {A comparative evaluation of outlier detection algorithms: Experiments
               and analyses},
  journal   = {Pattern Recognition},
  volume    = {74},
  pages     = {406--421},
  year      = {2018},
  url       = {https://doi.org/10.1016/j.patcog.2017.09.037},
}
}

@article{Niu2017CompStats,
  author = {Niu, Mu and Macdonald, Benn and Rogers, Simon and Filippone, Maurizio and Husmeier, Dirk},
  year = {2017},
  title = {Statistical inference in mechanistic models: time warping for improved gradient matching},
  journal = {Computational Statistics},
  issn = {0943-4062},
  month = {8},
  pages = {1--33},
  url = {https://doi.org/10.1007/s00180-017-0753-z},
}

@article{Macdonald2016BioMed,
  author = {Macdonald, Benn and Niu, Mu and Rogers, Simon and Filippone, Maurizio and Husmeier, Dirk},
  year = {2016},
  title = {Approximate parameter inference in systems biology using gradient matching: a comparative evaluation},
  journal = {BioMedical Engineering OnLine},
  volume = {15},
  month = {7},
  pages = {80},
  number = {Suppl 1},
  url = {https://doi.org/10.1186/s12938-016-0186-x},
}

@article{XiongAMIS17,
author = {Xiaoyu Xiong and V\'aclav \v{S}m\'idl and Maurizio Filippone},
title = {Adaptive multiple importance sampling for {G}aussian processes},
journal = {Journal of Statistical Computation and Simulation},
volume = {87},
number = {8},
pages = {1644-1665},
year = {2017},
url = {http://dx.doi.org/10.1080/00949655.2017.1280037},
}

@article{RondinaJNICL16,
  author = "Jane M. Rondina and Maurizio Filippone and Mark Girolami and Nick S. Ward",
  title = "Decoding post-stroke motor function from structural brain imaging ",
  journal = "NeuroImage: Clinical ",
  volume = "12",
  number = "",
  pages = "372-380",
  year = "2016",
  note = "",
  issn = "2213-1582",
  url = {http://dx.doi.org/10.1016/j.nicl.2016.07.014},
}

@article{CarotaAOAS15,
  author  = {Cinzia Carota and
             Maurizio Filippone and
             Roberto Leombruni and
             Silvia Polettini},
  title   = {Bayesian nonparametric disclosure risk estimation via mixed effects log-linear models},
  journal = {Annals of Applied Statistics},
  year    = {2015},
    VOLUME = {9},
    NUMBER = {1},
     PAGES = {525-546},
      ISSN = {1932-6157},
     ARXIV = {1306.5995},
     url = {http://dx.doi.org/10.1214/15-AOAS807},
}

@article{DellAmicoIEEETON14, 
author  = {Matteo Dell'Amico and
           Maurizio Filippone and
           Petro Michiardi and
           Yves Roudier},
journal={IEEE/ACM Transactions on Networking}, 
title={On User Availability Prediction and Network Applications}, 
year={2015}, 
volume={23}, 
number={4}, 
pages={1300-1313}, 
ISSN={1063-6692}, 
month={Aug},
     url = {http://dx.doi.org/10.1109/TNET.2014.2321430},
}

@article{FilipponeIEEETPAMI14,
year={2014},
journal={IEEE Transactions on Pattern Analysis and Machine Intelligence},
title={Pseudo-Marginal {B}ayesian Inference for {G}aussian Processes},
author  = {Maurizio Filippone and
             Mark Girolami},
  volume  = {36},
  number  = {11},
  pages   = {2214-2226},
    url = {http://dx.doi.org/10.1109/TPAMI.2014.2316530},
}


@article{KimIEEETAFFC14,
  author    = {Samuel Kim and
               Fabio Valente and
               Maurizio Filippone and
               Alessandro Vinciarelli},
  journal   = {IEEE Transactions on Affective Computing},
  title     = {Predicting Continuous Conflict Perception with {B}ayesian {G}aussian Processes},
  year      = {2014},
  volume  = {5},
  number  = {2},
  pages   = {187-200},
  url     = {http://dx.doi.org/10.1109/TAFFC.2014.2324564},
}

@article{MarquandPLOSONE13,
  author  = {Andre~F. Marquand and
             Maurizio Filippone and
             John Ashburner and
             Mark Girolami and             
             Janaina {Mour\~{a}o-Miranda} and
             Gareth~J. Barker and
             Steve~C~.R. Williams and
             P. Nigel Leigh and
             Camilla~R.~V. Blain},
    journal = {PLoS ONE},
    number = {7},
    pages = {e69237+},
    publisher = {Public Library of Science},
    title = {{Automated, High Accuracy Classification of Parkinsonian Disorders: A Pattern Recognition Approach}},
    url = {http://dx.doi.org/10.1371/journal.pone.0069237},
    volume = {8},
    year = {2013},
}

@article{FilipponeML13,
year={2013},
issn={0885-6125},
journal={Machine Learning},
volume={93},
number={1},
title={A comparative evaluation of stochastic-based inference methods for {G}aussian process models},
url={http://dx.doi.org/10.1007/s10994-013-5388-x},
publisher={Springer US},
  author  = {Maurizio Filippone and
             Mingjun Zhong and
             Mark Girolami},
pages={93-114},
language={English},
}


@article{ZhaoIEEETAC13,
author={Yin Zhao and Jongrae Kim and Maurizio Filippone},
journal={IEEE Transactions on Automatic Control}, 
title={Aggregation Algorithm Towards Large-Scale Boolean Network Analysis},
year={2013},
volume={58},
number={8},
pages={1976-1985},
url={http://dx.doi.org/10.1109/TAC.2013.2251819},
ISSN={0018-9286},
}


@article{FilipponeAOAS12,
  author  = {Maurizio Filippone and
             Andre~F. Marquand and
             Camilla~R.~V. Blain and
             Steve~C~.R. Williams and
             Janaina {Mour\~{a}o-Miranda} and
             Mark Girolami},
  title   = {Probabilistic Prediction of Neurological Disorders with a Statistical Assessment of Neuroimaging Data Modalities},
  journal = {Annals of Applied Statistics},
  volume  = {6},
  number  = {4},
  year    = {2012},
  pages   = {1883-1905},
  url     = {http://dx.doi.org/10.1214/12-AOAS562},
}

@article{FilipponeCSDA11,
  author    = {Maurizio Filippone and
               Guido Sanguinetti},
  title     = {Approximate inference of the bandwidth in multivariate kernel density estimation},
  journal   = {Computational Statistics {\&} Data Analysis},
  volume    = {55},
  number    = {12},
  year      = {2011},
  pages     = {3104-3122},
  ee        = {http://dx.doi.org/10.1016/j.csda.2011.05.023},
  bibsource = {DBLP, http://dblp.uni-trier.de},
  url       = {http://dx.doi.org/10.1016/j.csda.2011.05.023},
}

@article{FilipponeIEEETSP11,
  author    = {Maurizio Filippone and
               Guido Sanguinetti},
  title     = {A Perturbative Approach to Novelty Detection in Autoregressive Models},
  journal   = {IEEE Transactions on Signal Processing},
  volume    = {59},
  number    = {3},
  year      = {2011},
  pages     = {1027-1036},
  bibsource = {DBLP, http://dblp.uni-trier.de},
  url       = {http://dx.doi.org/10.1109/TSP.2010.2094609},
}

@article{MohamedCGS11,
  author    = {Linah Mohamed and
               Ben Calderhead and
               Maurizio Filippone and
               Mike Christie and
               Mark Girolami},
  title     = {Population {MCMC} methods for history matching and uncertainty quantification},
year={2012},
issn={1420-0597},
journal={Computational Geosciences},
volume={16},
number={2},
  url       = {http://dx.doi.org/10.1007/s10596-011-9232-8},
publisher={Springer Netherlands},
pages={423-436},
}



@article{FilipponeIEEETFS10,
  author    = {Maurizio Filippone and
               Francesco Masulli and
               Stefano Rovetta},
  title     = {Applying the Possibilistic C-Means Algorithm in Kernel-Induced Spaces},
  journal   = {IEEE Transactions on Fuzzy Systems},
  volume    = {18},
  number    = {3},
  month     = {June},
  year      = {2010},
  pages     = {572-584},
  url       = {http://dx.doi.org/10.1109/TFUZZ.2010.2043440},
}

@article{FilipponeSC10,
   author = {Maurizio Filippone and Francesco Masulli and Stefano Rovetta},
   title = {Simulated annealing for supervised gene selection},
   journal = {Soft Computing - A Fusion of Foundations, Methodologies and Applications},
   publisher = {Springer Berlin / Heidelberg},
   issn = {1432-7643},
   pages = {1471-1482},
   volume = {15},
   issue = {8},
   url = {http://dx.doi.org/10.1007/s00500-010-0597-8},
   year = {2011}
}

@article{FilipponePR09,
  author    = {Maurizio Filippone and
               Guido Sanguinetti},
  title     = {Information Theoretic Novelty Detection},
  journal   = {Pattern Recognition},
  volume    = {43},
  number    = {3},
  month     = {March},
  year      = {2010},
  pages     = {805-814},
  url       = {http://dx.doi.org/10.1016/j.patcog.2009.07.002},
}

@article{FilipponeIJAR09,
  author    = {Maurizio Filippone},
  title     = {Dealing with Non-Metric Dissimilarities in Fuzzy Central Clustering Algorithms},
  journal   = {International Journal of Approximate Reasoning},
  volume    = {50},
  number    = {2},
  month     = {February},
  year      = {2009},
  pages     = {363-384},
  url       = {http://dx.doi.org/10.1016/j.ijar.2008.08.006},
}

@article{CamastraNCA09,
  author    = {Francesco Camastra and
               Maurizio Filippone},
  title     = {A comparative evaluation of Nonlinear Dynamics Methods for Time Series Prediction},
  journal   = {Neural Computing and Applications},
  volume    = {18},
  number    = {8},
  year      = {2009},
  month     = {November},
  pages     = {1021-1029},
  url       = {http://dx.doi.org/10.1007/s00521-009-0266-y},
}

@article{FilipponeIJKESDP09,
  author    = {Maurizio Filippone and
               Francesco Masulli and
               Stefano Rovetta},
  title     = {Clustering in the Membership Embedding Space},
  journal   = {International Journal of Knowledge Engineering and Soft Data Paradigms},
  volume    = {4},
  number    = {1},
  year      = {2009},
  pages     = {363-375},
}

@article{RovettaNCL09,
  author    = {Stefano Rovetta and
               Francesco Masulli and
               Maurizio Filippone},
  title     = {Soft Ranking in Clustering},
  journal   = {Neurocomputing},
  volume    = {72},
  number    = {7-9},
  year      = {2009},
  month     = {March},
  pages     = {2028-2031},
  url       = {http://dx.doi.org/10.1016/j.neucom.2008.11.015},
}

@article{FilipponePR08,
  author    = {Maurizio Filippone and
               Francesco Camastra and
               Francesco Masulli and
               Stefano Rovetta},
  title     = {A Survey of Kernel and Spectral Methods for Clustering},
  journal   = {Pattern Recognition},
  volume    = {41},
  number    = {1},
  month     = {January},
  year      = {2008},
  pages     = {176-190},
  url       = {http://dx.doi.org/10.1016/j.patcog.2007.05.018},
  award     = {http://dx.doi.org/10.1016/j.patcog.2010.08.001},
}
