@article{LinuxC_1,
  author    = {Claudia Calcagno and Maurizio Filippone and Dario Ghersi},
  journal   = {Linux \& C.},
  volume    = {53},
  pages     = {41--46},
  publisher = {Piscopo Editore S.R.L.},
  title     = {R: Potenza e Versatilit\`a per l'Analisi Statistica},
  year      = {2006},
  month     = {June},
  url       = {http://www.oltrelinux.com/2006/06/},
}
