@misc{Mita2019libre,
    title={LIBRE: Learning Interpretable Boolean Rule Ensembles},
    author={Graziano Mita and Paolo Papotti and Maurizio Filippone and Pietro Michiardi},
    year={2019},
    eprint={1911.06537},
    archivePrefix={arXiv},
    primaryClass={cs.LG},
  note      = {arXiv:1911.06537},
  url       = {http://arxiv.org/abs/1911.06537},
  pdf       = {http://arxiv.org/abs/1911.06537.pdf},
}

@misc{Candela2019sparsification,
    title={Sparsification as a Remedy for Staleness in Distributed Asynchronous SGD},
    author={Rosa Candela and Giulio Franzese and Maurizio Filippone and Pietro Michiardi},
    year={2019},
    eprint={1910.09466},
    archivePrefix={arXiv},
    primaryClass={cs.LG},
  note      = {arXiv:1910.09466},
  url       = {http://arxiv.org/abs/1910.09466},
  pdf       = {http://arxiv.org/abs/1910.09466.pdf},
}

@misc{Rossi2019efficient,
    title={Efficient Approximate Inference with Walsh-Hadamard Variational Inference},
    author={Simone Rossi and Sebastien Marmin and Maurizio Filippone},
    year={2019},
    eprint={1912.00015},
    archivePrefix={arXiv},
    primaryClass={stat.ML},
  note      = {arXiv:1912.00015},
  url       = {http://arxiv.org/abs/1912.00015},
  pdf       = {http://arxiv.org/abs/1912.00015.pdf},
}

@misc{RossiWHVI19,
    title={{Walsh-Hadamard Variational Inference for Bayesian Deep Learning}},
    author={Simone Rossi and Sebastien Marmin and Maurizio Filippone},
    year={2019},
    eprint={1905.11248},
    archivePrefix={arXiv},
    primaryClass={stat.ML},
  note      = {arXiv:1905.11248},
  url       = {http://arxiv.org/abs/1905.11248},
  pdf       = {http://arxiv.org/abs/1905.11248.pdf},
}


@misc{ZammitMangionSpatial19,
    title={{Deep Compositional Spatial Models}},
    author={Andrew Zammit-Mangion and Tin Lok James Ng and Quan Vu and Maurizio Filippone},
    year={2019},
    eprint={1906.02840},
    archivePrefix={arXiv},
    primaryClass={stat.ME},
  note      = {arXiv:1906.02840},
  url       = {http://arxiv.org/abs/1906.02840},
  pdf       = {http://arxiv.org/abs/1906.02840.pdf},
}

@misc{RossiInitVB18,
  author    = {Simone Rossi and
               Pietro Michiardi and
               Maurizio Filippone},
  title     = {{Good Initializations of Variational Bayes for Deep Models}},
  year      = {2018},
  note      = {arXiv:1810.08083},
  url       = {http://arxiv.org/abs/1810.08083},
  pdf       = {http://arxiv.org/abs/1810.08083.pdf},
}

@misc{MarminVCAL18,
  author    = {S\'ebastien Marmin and
               Maurizio Filippone},
  title     = {{Variational Calibration of Computer Models}},
  year      = {2018},
  note      = {arXiv:1810.12177},
  url       = {http://arxiv.org/abs/1810.12177},
  pdf       = {http://arxiv.org/abs/1810.12177.pdf},
}


@misc{MiliosGPD18,
  author    = {Dimitrios Milios and
               Raffaello Camoriano and
               Pietro Michiardi and
               Lorenzo Rosasco and
               Maurizio Filippone},
  title     = {{Dirichlet-based Gaussian Processes for Large-scale Calibrated Classification}},
  year      = {2018},
  note      = {arXiv:1805.10915},
  url       = {http://arxiv.org/abs/1805.10915},
  pdf       = {http://arxiv.org/abs/1805.10915.pdf},
}

@misc{TranConvGP18,
  author    = {Gia-Lac Tran and
               Edwin V. Bonilla and
               John P. Cunningham and
               Pietro Michiardi and
               Maurizio Filippone},
  title     = {{Calibrating Deep Convolutional Gaussian Processes}},
  year      = {2018},
  note      = {arXiv:1805.10522},
  url       = {http://arxiv.org/abs/1805.10522},
  pdf       = {http://arxiv.org/abs/1805.10522.pdf},
}

@misc{LorenziConstraining18,
    author = {Marco Lorenzi and Maurizio Filippone},
    title = {{Constraining the Dynamics of Deep Probabilistic Models}},
    note = {arXiv:1802.05680},
    year = {2018},
    pdf = {http://arxiv.org/pdf/1802.05680.pdf},
    url = {http://arxiv.org/abs/1802.05680},
}



@misc{NemethPseudoExtended17,
    author = {Christopher Nemeth and Fredrik Lindsten and Maurizio Filippone and James Hensman},
    title = {{Pseudo-extended Markov chain Monte Carlo}},
    note = {arXiv:1708.05239},
    year = {2017},
    pdf = {http://arxiv.org/pdf/1708.05239.pdf},
    url = {http://arxiv.org/abs/1708.05239},
}

@misc{FitzsimonsMaxEntLD17,
    author = {Jack Fitzsimons and Diego Granziol and Kurt Cutajar and Michael Osborne and Maurizio Filippone and Stephen Roberts},
    title = {{Entropic Trace Estimates for Log Determinants}},
    note = {arXiv:1704.07223},
    year = {2017},
    pdf = {http://arxiv.org/pdf/1704.07223.pdf},
    url = {http://arxiv.org/abs/1704.07223},
}

@misc{FitzsimonsBLD17,
    author = {Jack Fitzsimons and Kurt Cutajar and Michael Osborne and Stephen Roberts and Maurizio Filippone},
    title = {{Bayesian Inference of Log Determinants}},
    note = {arXiv:1704.01445},
    year = {2017},
    pdf = {http://arxiv.org/pdf/1704.01445.pdf},
    url = {http://arxiv.org/abs/1704.01445},
}

@misc{LorenziPROGRESSION17,
  author     = {Marco Lorenzi and Maurizio Filippone and Daniel C. Alexander and Sebastien Ourselin},
  title      = {Disease Progression Modeling and Prediction through Random Effect {G}aussian Processes and Time Transformation},
  note       = {arXiv:1701.01668},
  year       = {2017},
  pdf        = {http://arxiv.org/pdf/1701.01668.pdf},
  url       = {http://arxiv.org/abs/1701.01668},
}

@misc{CutajarDGP16,
  author     = {Kurt Cutajar and Edwin V. Bonilla and Pietro Michiardi and Maurizio Filippone},
  title      = {Random Feature Expansions for Deep {G}aussian Processes},
  note       = {arXiv:1610.04386},
  year       = {2016},
  pdf       = {http://arxiv.org/pdf/1610.04386.pdf},
  code      = {https://github.com/mauriziofilippone/deep_gp_random_features},
  url       = {http://arxiv.org/abs/1610.04386},
}

@misc{KrauthAUTOGP16,
  author     = {Karl Krauth and Edwin V. Bonilla and Kurt Cutajar and Maurizio Filippone},
  title      = {{AutoGP}: {E}xploring the Capabilities and Limitations of {G}aussian Process Models},
  note       = {arXiv:1610.05392},
  year       = {2016},
  pdf       = {http://arxiv.org/pdf/1610.05392.pdf},
  url       = {http://arxiv.org/abs/1610.05392},
  code       = {https://github.com/ebonilla/AutoGP},
}

@misc{HanMB_SPECTRAL_CLUSTERING16,
  author     = {Yufei Han and Maurizio Filippone},
  title      = {Mini-Batch Spectral Clustering},
  note       = {arXiv:1607.02024},
  year       = {2016},
  pdf        = {http://arxiv.org/pdf/1607.02024.pdf},
  url       = {http://arxiv.org/abs/1607.02024},
  code       = {https://github.com/yfhanhust/MiniBatchSpectralClustering},
}

@misc{CutajarPRECONDITIONING16,
  author     = {Kurt Cutajar and Michael A. Osborne and John P. Cunningham and Maurizio Filippone},
  title      = {Preconditioning Kernel Matrices},
  note       = {arXiv:1602.06693},
  year       = {2016},
  pdf       = {http://www.eurecom.fr/~filippon/Publications/icml16.pdf},
  code       = {https://github.com/mauriziofilippone/preconditioned_GPs},
  url       = {http://arxiv.org/abs/1602.06693},
}

@misc{HensmanMCMC_SPARSEGP15,
  author     = {James Hensman and Alexander G. de G. Matthews and Maurizio Filippone and Zoubin Ghahramani},
  title      = {{MCMC} for Variationally Sparse {G}aussian Processes},
  note       = {arXiv:1506.04000},
  year       = {2015},
  pdf       = {http://www.eurecom.fr/~filippon/Publications/nips15.pdf},
  code      = {https://github.com/sparseMCMC/NIPS2015},
  url       = {http://arxiv.org/abs/1506.04000},
}

@misc{XiongAMIS15,
  author     = {Xiaoyu Xiong and V\'aclav \v{S}m\'idl and Maurizio Filippone},
  title      = {Adaptive Multiple Importance Sampling for {G}aussian Processes},
  note       = {arxiv.org/abs/1508.01050},
  year       = {2015},
  pdf       = {http://www.eurecom.fr/~filippon/Publications/amis_for_gps.pdf},
  url       = {http://arxiv.org/abs/1508.01050},
}

@misc{FilipponeULISSE15,
  author     = {Maurizio Filippone and Raphael Engler},
  title      = {Enabling scalable stochastic gradient-based inference for {G}aussian processes by employing the {U}nbiased {LI}near {S}ystem {S}olv{E}r ({ULISSE})}, 
  note       = {arXiv:1501.05427},
  year       = {2015},
  pdf       = {http://www.eurecom.fr/~filippon/Publications/icml15.pdf},
  url       = {http://arxiv.org/abs/1501.05427},
}

@misc{FilipponePM_MCMC_AIS13,
  author     = {Maurizio Filippone},
  title      = {{B}ayesian Inference for {G}aussian Process Classifiers with Annealing and Pseudo-Marginal {MCMC}}, 
  note       = {arXiv:1311.7320},
  year       = {2013},
  pdf       = {http://www.eurecom.fr/~filippon/Publications/icpr14_pm_ais.pdf},
  url       = {http://arxiv.org/abs/1311.7320},
}

@misc{FilipponeTECH_REP_PM_GP13,
  author     = {Maurizio Filippone and Mark Girolami},
  title      = {Pseudo-Marginal {B}ayesian Inference for {G}aussian Processes}, 
  note       = {arXiv:1310.0740},
  year       = {2013},
  pdf     = {http://www.eurecom.fr/~filippon/Publications/ieee-tpami14.pdf},
  url       = {http://arxiv.org/abs/1310.0740},
}

@misc{CarotaTECH_REP_DISCLOSURE13,
  author     = {Cinzia Carota and Maurizio Filippone and Roberto Leombruni and Silvia Polettini},
  title      = {Bayesian nonparametric disclosure risk estimation via mixed effects log-linear models}, 
  note       = {arXiv:1306.5995},
  year = {2013},
  month = {June},
  pdf     = {http://www.eurecom.fr/~filippon/Publications/aoas15.pdf},
  url       = {http://arxiv.org/abs/1306.5995},
}

@techreport{FilipponeTECH_REP_LGMS12,
  author     = {Maurizio Filippone and Mingjun Zhong and Mark Girolami},
 title      = {On the Fully {B}ayesian Treatment of Latent {G}aussian Models using Stochastic Simulations}, 
  number     = {TR-2012-329},
  year = {2012},
  month = {February},
  institution = {School of Computing Science, University of Glasgow},
  pdf       = {http://www.eurecom.fr/~filippon/Publications/ml13.pdf},
}

@techreport{FilipponeTECH_REP_AR09,
  author    = {Maurizio Filippone and
               Guido Sanguinetti},
  title     = {Novelty detection in autoregressive models using information theoretic measures},
  number    = {CS-09-06},
  year      = {2009},
  month     = {July},
  institution = {Department of Computer Science, University of Sheffield},
  pdf       = {http://www.eurecom.fr/~filippon/Publications/tech_rep_ar09.pdf},
}

@techreport{FilipponeTECH_REP_INFO_THEO09,
  author    = {Maurizio Filippone and
               Guido Sanguinetti},
  title     = {Information Theoretic Novelty Detection},
  number    = {CS-09-02},
  year      = {2009},
  month     = {February},
  institution = {Department of Computer Science, University of Sheffield},
  pdf       = {http://www.eurecom.fr/~filippon/Publications/tech_rep_info_theo09.pdf},
}

@techreport{FilipponeTECH_REP_RELATIONAL07,
  author    = {Maurizio Filippone},
  title     = {Fuzzy Clustering of Patterns Represented by Pairwise Dissimilarities},
  number    = {ISE-TR-07-05},
  year      = {2007},
  month     = {October},
  institution = {Department of Information and Software Engineering, George Mason University},
  pdf       = {http://www.eurecom.fr/~filippon/Publications/tech_rep_relational07.pdf},
}


@techreport{FilipponeTECH_REP_PR06,
  author    = {Maurizio Filippone and
               Francesco Camastra and
               Francesco Masulli and
               Stefano Rovetta},
  title     = {A Survey of Kernel and Spectral Methods for Clustering},
  number    = {DISI-TR-06-19},
  year      = {2006},
  month     = {18th October},
  institution = {Department of Computer and Information Sciences at the University of Genova, Italy},
}


@techreport{FilipponeTECH_REP_IJAR06,
  author    = {Maurizio Filippone and
               Francesco Masulli and
               Stefano Rovetta},
  title     = {A Wrapper Approach to Supervised Input Selection Using Simulated Annealing},
  number    = {DISI-TR-06-10} ,
  year      = {2006},
  month     = {12th June},
  institution = {Department of Computer and Information Sciences at the University of Genova, Italy},
  pdf       = {http://www.eurecom.fr/~filippon/Publications/tech_rep_ijar06.pdf},
}
