@phdthesis{FilipponePhDThesis,
  author    = {Maurizio Filippone},
  title     = {Central Clustering in Kernel-Induced Spaces},
  school    = {University of Genova},
  year      = {2008},
  type      = {PhD Thesis in Computer Science},
  month     = {February},
}


@mastersthesis{FilipponeMastersThesis,
  author    = {Maurizio Filippone},
  title     = {Metodi di Ensemble per la Previsione di Serie Storiche},
  school    = {University of Genova},
  year      = {2004},
  type      = {Master's Degree Thesis in Physics},
  month     = {July},
}
