@inproceedings{MiliosNIPS18,
  author = {Dimitrios Milios and
               Raffaello Camoriano and
               Pietro Michiardi and
               Lorenzo Rosasco and
               Maurizio Filippone},
  title = {{Dirichlet-based Gaussian Processes for Large-scale Calibrated Classification}},
  year = {2018},
  booktitle = {Advances in Neural Information Processing Systems 31: Annual Conference
               on Neural Information Processing Systems 2018, December 3-7 2018,
               Montreal, Quebec, Canada},
  url = {http://arxiv.org/abs/1805.10915}
}

@inproceedings{LorenziICML18,
  author = {Marco Lorenzi and Maurizio Filippone},
  title = {{Constraining the Dynamics of Deep Probabilistic Models}},
  booktitle = {Proceedings of the 35th International Conference on Machine Learning, ICML 2018, Stockholm, Sweden, 2018},
  year = {2018},
  url = {https://arxiv.org/abs/1802.05680}
}

