@inproceedings{DondelingerAISTATS13,
  author = {Frank Dondelinger and
               Maurizio Filippone and
               Simon Rogers and
               Dirk Husmeier},
  title = {{ODE} parameter inference using adaptive gradient matching with {G}aussian processes},
  booktitle = {AISTATS},
  year = {2013},
  notes = {To appear}
}

