@inproceedings{FilipponeCMSB06,
  author = {Maurizio Filippone and
               Francesco Masulli and
               Stefano Rovetta and
               Sushmita Mitra and
               Haider Banka},
  title = {Possibilistic Approach to Biclustering: An Application to
               Oligonucleotide Microarray Data Analysis},
  booktitle = {Computational Methods in Systems Biology, International
               Conference, CMSB 2006, Trento, Italy, October 18-19, 2006,
               Proceedings},
  publisher = {Springer},
  series = {Lecture Notes in Computer Science},
  volume = {4210},
  year = {2006},
  pages = {312-322},
  url = {http://dx.doi.org/10.1007/11885191_22},
  bibsource = {DBLP, http://dblp.uni-trier.de}
}

@inproceedings{FilipponeCISI06,
  author = {Maurizio Filippone and
               Francesco Masulli and
               Stefano Rovetta and
               Sergiu-Petre Constantinescu},
  title = {Input Selection with Mixed Data Sets: A Simulated Annealing Wrapper Approach},
  booktitle = {CISI 06 - Conferenza Italiana Sistemi Intelligenti},
  year = {2006},
  address = {Ancona - Italy},
  month = {27-29 September}
}

@inproceedings{FilipponeCIBB06,
  author = {Maurizio Filippone and
               Francesco Masulli and
               Stefano Rovetta},
  title = {Gene Expression Data Analysis in the Membership Embedding Space: A Constructive Approach.},
  booktitle = {CIBB 2006 - Third International Meeting on Computational Intelligence Methods for Bioinformatics and Biostatistics},
  year = {2006},
  address = {Genova - Italy},
  month = {29-31 August}
}

@inproceedings{FilipponeIJCNN06,
  author = {Maurizio Filippone and
               Francesco Masulli and
               Stefano Rovetta},
  title = {Supervised Classification and Gene Selection Using Simulated
               Annealing},
  booktitle = {Proceedings of the International Joint Conference on Neural
               Networks, IJCNN 2006, part of the IEEE World Congress on
               Computational Intelligence, WCCI 2006, Vancouver, BC, Canada,
               16-21 July 2006},
  publisher = {IEEE},
  year = {2006},
  pages = {3566-3571},
  url = {http://dx.doi.org/10.1109/IJCNN.2006.247366},
  bibsource = {DBLP, http://dblp.uni-trier.de}
}

