@inproceedings{FranzeseICML22,
  title = {Revisiting the Effects of Stochasticity for {H}amiltonian Samplers},
  author = {Franzese, Giulio and Milios, Dimitrios and Filippone, Maurizio and Michiardi, Pietro},
  booktitle = {Proceedings of the 39th International Conference on Machine Learning},
  pages = {6744--6778},
  year = {2022},
  editor = {Chaudhuri, Kamalika and Jegelka, Stefanie and Song, Le and Szepesvari, Csaba and Niu, Gang and Sabato, Sivan},
  volume = {162},
  series = {Proceedings of Machine Learning Research},
  month = {17--23 Jul},
  publisher = {PMLR},
  url = {https://proceedings.mlr.press/v162/franzese22a.html}
}

