@inproceedings{FitzsimonsECML17,
  author = {Jack Fitzsimons and Diego Granziol and Kurt Cutajar and Michael Osborne and Maurizio Filippone and Stephen Roberts},
  title = {{Entropic Trace Estimates for Log Determinants}},
  booktitle = {Machine Learning and Knowledge Discovery in Databases - European Conference, ECML PKDD 2017, Skopje, Macedonia, September 18-22, 2017},
  year = {2017},
  url = {http://arxiv.org/abs/1704.07223}
}

@inproceedings{FitzsimonsUAI17,
  author = {Jack Fitzsimons and Kurt Cutajar and Michael Osborne and Stephen Roberts and Maurizio Filippone},
  title = {{Bayesian Inference of Log Determinants}},
  year = {2017},
  booktitle = {Thirty-Third Conference on Uncertainty in Artificial Intelligence, {UAI} 2017, August 11-15, 2017, Sydney, Australia},
  url = {http://arxiv.org/abs/1704.01445}
}

@inproceedings{KrauthUAI17,
  author = {Krauth, Karl and Bonilla, Edwin V. and Cutajar, Kurt and Filippone, Maurizio},
  booktitle = {Thirty-Third Conference on Uncertainty in Artificial Intelligence, {UAI} 2017, August 11-15, 2017, Sydney, Australia},
  citeulike-article-id = {14459274},
  title = {{AutoGP}: {E}xploring the Capabilities and Limitations of {G}aussian Process Models},
  year = {2017},
  url = {http://arxiv.org/abs/1610.05392}
}

@inproceedings{CutajarICML17,
  author = {Kurt Cutajar and Edwin V. Bonilla and Pietro Michiardi and Maurizio Filippone},
  title = {Random Feature Expansions for Deep {G}aussian Processes},
  booktitle = {Proceedings of the 34th International Conference on Machine Learning, ICML 2017, Sydney, Australia, August 6-11, 2017},
  year = {2017}
}

@inproceedings{HanIJCNN17,
  author = {Yufei Han and Maurizio Filippone},
  title = {Mini-Batch Spectral Clustering},
  booktitle = {2016 International Joint Conference on Neural Networks, {IJCNN} 2017, Anchorage, AK, USA, May 14-19, 2017},
  publisher = {{IEEE}},
  year = {2017}
}

