@inproceedings{RossiBDL19,
  booktitle = {Bayesian Deep Learning Workshop, NeurIPS},
  title = {Efficient Approximate Inference with Walsh-Hadamard Variational Inference},
  author = {Simone Rossi and Sebastien Marmin and Maurizio Filippone},
  year = {2019},
  archiveprefix = {arXiv},
  primaryclass = {stat.ML},
  url = {http://bayesiandeeplearning.org}
}

@inproceedings{NemethNIPS19,
  author = {Christopher Nemeth and Fredrik Lindsten and Maurizio Filippone and James Hensman},
  title = {{Pseudo-extended Markov chain Monte Carlo}},
  year = {2019},
  booktitle = {Advances in Neural Information Processing Systems 32: Annual Conference
               on Neural Information Processing Systems 2019, 9-12 December 2019,
               Vancouver, British Columbia, Canada},
  url = {http://arxiv.org/abs/1708.05239}
}

@inproceedings{RossiICML19,
  author = {Simone Rossi and
               Pietro Michiardi and
               Maurizio Filippone},
  title = {{Good Initializations of Variational Bayes for Deep Models}},
  booktitle = {Proceedings of the 36th International Conference on Machine Learning, ICML 2019, Long Beach, USA, 2019},
  year = {2019},
  url = {https://arxiv.org/abs/1810.08083}
}

@inproceedings{TranAISTATS19,
  author = {Gia-Lac Tran and
               Edwin V. Bonilla and
               John P. Cunningham and
               Pietro Michiardi and
               Maurizio Filippone},
  title = {{Calibrating Deep Convolutional Gaussian Processes}},
  booktitle = {AISTATS 2019, Naha, Japan, 2019},
  year = {2019},
  url = {http://arxiv.org/abs/1805.10522}
}

@inproceedings{NguyenSAC19,
  author = {Duc{-}Trung Nguyen and
               Maurizio Filippone and
               Pietro Michiardi},
  title = {Exact {G}aussian process regression with distributed computations},
  booktitle = {Proceedings of the 34th {ACM/SIGAPP} Symposium on Applied Computing,
               {SAC} 2019, Limassol, Cyprus, April 8-12, 2019},
  pages = {1286--1295},
  year = {2019},
  url = {https://doi.org/10.1145/3297280.3297409},
  editor = {Chih{-}Cheng Hung and
               George A. Papadopoulos},
  publisher = {{ACM}}
}

