@inproceedings{TranNIPS21,
  title = {Model Selection for {B}ayesian Autoencoders},
  author = {Ba-Hien Tran and Simone Rossi and Dimitrios Milios and Pietro Michiardi and Edwin V Bonilla and Maurizio Filippone},
  booktitle = {Advances in Neural Information Processing Systems},
  editor = {A. Beygelzimer and Y. Dauphin and P. Liang and J. Wortman Vaughan},
  year = {2021},
  url = {https://openreview.net/forum?id=KPLf9FhwEqZ}
}

@inproceedings{TranICML21,
  title = {{Sparse within Sparse Gaussian Processes using Neighbor Information}},
  author = {Tran, Gia-Lac and Milios, Dimitrios and Michiardi, Pietro and Filippone, Maurizio},
  booktitle = {Proceedings of the 38th International Conference on Machine Learning},
  pages = {10369--10378},
  year = {2021},
  editor = {Meila, Marina and Zhang, Tong},
  volume = {139},
  series = {Proceedings of Machine Learning Research},
  month = {18--24 Jul},
  publisher = {PMLR},
  url = {https://proceedings.mlr.press/v139/tran21a.html}
}

@inproceedings{MitaICML21,
  title = {{An Identifiable Double VAE For Disentangled Representations}},
  author = {Mita, Graziano and Filippone, Maurizio and Michiardi, Pietro},
  booktitle = {Proceedings of the 38th International Conference on Machine Learning},
  pages = {7769--7779},
  year = {2021},
  editor = {Meila, Marina and Zhang, Tong},
  volume = {139},
  series = {Proceedings of Machine Learning Research},
  month = {18--24 Jul},
  publisher = {PMLR},
  url = {https://proceedings.mlr.press/v139/mita21a.html}
}

@inproceedings{RossiAISTATS21,
  title = {{Sparse Gaussian Processes Revisited: Bayesian Approaches to Inducing-Variable Approximations}},
  author = {Rossi, Simone and Heinonen, Markus and Bonilla, Edwin and Shen, Zheyang and Filippone, Maurizio},
  booktitle = {Proceedings of The 24th International Conference on Artificial Intelligence and Statistics},
  pages = {1837--1845},
  year = {2021},
  editor = {Banerjee, Arindam and Fukumizu, Kenji},
  volume = {130},
  series = {Proceedings of Machine Learning Research},
  month = {13--15 Apr},
  publisher = {PMLR},
  url = {https://proceedings.mlr.press/v130/rossi21a.html}
}

