@inproceedings{FilipponeICPR14,
  author = {Maurizio Filippone},
  title = {Bayesian Inference for {G}aussian Process Classifiers with Annealing
               and Pseudo-Marginal {MCMC}},
  booktitle = {22nd International Conference on Pattern Recognition, {ICPR} 2014,
               Stockholm, Sweden, August 24-28, 2014},
  pages = {614--619},
  year = {2014},
  url = {http://dx.doi.org/10.1109/ICPR.2014.116}
}

@inproceedings{OHarneyICPR14,
  author = {Andrew D. O'Harney and
               Andre Marquand and
               Katya Rubia and
               Kaylita Chantiluke and
               Anna B. Smith and
               Ana Cubillo and
               Camilla Blain and
               Maurizio Filippone},
  title = {Pseudo-Marginal {B}ayesian Multiple-Class Multiple-Kernel Learning for
               Neuroimaging Data},
  booktitle = {22nd International Conference on Pattern Recognition, {ICPR} 2014,
               Stockholm, Sweden, August 24-28, 2014},
  pages = {3185--3190},
  year = {2014},
  url = {http://dx.doi.org/10.1109/ICPR.2014.549},
  timestamp = {Fri, 12 Dec 2014 08:41:49 +0100},
  biburl = {http://dblp.uni-trier.de/rec/bib/conf/icpr/OHarneyMRCSCBF14},
  bibsource = {dblp computer science bibliography, http://dblp.org}
}

