@inproceedings{FilipponeWIRN04,
  author = {Maurizio Filippone and
               Francesco Masulli and
               Stefano Rovetta},
  title = {{ERAF}: a {R} Package for Regression and Forecasting},
  booktitle = {Biological and Artificial Intelligence Environments},
  pages = {165-173},
  publisher = {Springer-Verlag New York, Inc.},
  address = {Secaucus, NJ, USA},
  year = {2004}
}

