@inproceedings{BarbaraVM08,
  author = {Daniel Barbar{\'a} and
               Carlotta Domeniconi and
               Zoran Duric and
               Maurizio Filippone and
               Richard Mansfield and
               Edgard Lawson},
  title = {Detecting Suspicious Behavior in Surveillance Images},
  booktitle = {Workshops Proceedings of the 8th IEEE International Conference
               on Data Mining (ICDM 2008), December 15-19, 2008, Pisa,
               Italy},
  publisher = {IEEE},
  year = {2008},
  pages = {891-900},
  url = {http://dx.doi.org/10.1109/ICDMW.2008.36},
  bibsource = {DBLP, http://dblp.uni-trier.de}
}

@inproceedings{FilipponeCIBB08,
  author = {Maurizio Filippone and
               Francesco Masulli and
               Stefano Rovetta},
  title = {Stability and Performances in Biclustering Algorithms},
  booktitle = {Computational Intelligence Methods for Bioinformatics and
               Biostatistics, 5th International Meeting, CIBB 2008, Vietri
               sul Mare, Italy, October 3-4, 2008, Revised Selected Papers},
  year = {2008},
  pages = {91-101},
  publisher = {Springer},
  series = {Lecture Notes in Computer Science},
  volume = {5488},
  url = {http://dx.doi.org/10.1007/978-3-642-02504-4_8},
  bibsource = {DBLP, http://dblp.uni-trier.de}
}

@inproceedings{FilipponeWIRN08,
  author = {Maurizio Filippone and
               Francesco Masulli and
               Stefano Rovetta},
  title = {An Experimental Comparison of Kernel Clustering Methods},
  booktitle = {New Directions in Neural Networks - 18th Italian Workshop
               on Neural Networks: WIRN 2008, Vietri sul Mare, Italy, May
               22-24, 2008, Revised Selected Papers},
  publisher = {IOS Press},
  series = {Frontiers in Artificial Intelligence and Applications},
  volume = {193},
  year = {2008},
  pages = {118-126},
  url = {http://dx.doi.org/10.3233/978-1-58603-984-4-118},
  bibsource = {DBLP, http://dblp.uni-trier.de}
}

