@inproceedings{FilipponeWILF05,
  author = {Maurizio Filippone and
               Francesco Masulli and
               Stefano Rovetta},
  title = {Unsupervised Gene Selection and Clustering Using Simulated Annealing.},
  booktitle = {Fuzzy Logic and Applications, 6th International Workshop,
               WILF 2005, Crema, Italy, September 15-17, 2005, Revised
               Selected Papers},
  publisher = {Springer},
  series = {Lecture Notes in Computer Science},
  volume = {3849},
  year = {2005},
  pages = {229-235},
  url = {http://dx.doi.org/10.1007/11676935_28},
  bibsource = {DBLP, http://dblp.uni-trier.de}
}

@inproceedings{MasulliCIBIO05,
  author = {Francesco Masulli and
                  Stefano Rovetta and
                  Maurizio Filippone},
  title = {Clustering Genomic Data in the Membership Embedding Space},
  booktitle = {CI-BIO - Workshop on Computational Intelligence Approaches for the Analysis of Bioinformatics Data},
  year = {2005},
  address = {Montreal - Canada},
  month = {5 August}
}

@inproceedings{RovettaWIRN05,
  author = {Stefano Rovetta and
               Francesco Masulli and
               Maurizio Filippone},
  title = {Soft Rank Clustering},
  booktitle = {Neural Nets, 16th Italian Workshop on Neural Nets, WIRN
               2005, and International Workshop on Natural and Artificial
               Immune Systems, NAIS 2005, Vietri sul Mare, Italy, June
               8-11, 2005, Revised Selected Papers},
  publisher = {Springer},
  series = {Lecture Notes in Computer Science},
  volume = {3931},
  year = {2005},
  pages = {207-213},
  url = {http://dx.doi.org/10.1007/11731177_29},
  bibsource = {DBLP, http://dblp.uni-trier.de}
}

