@inproceedings{CamastraKES07,
  author = {Francesco Camastra and
               Maurizio Filippone},
  title = {{SVM}-Based Time Series Prediction with Nonlinear Dynamics
               Methods},
  booktitle = {Knowledge-Based Intelligent Information and Engineering
               Systems, 11th International Conference, KES 2007, XVII Italian
               Workshop on Neural Networks, Vietri sul Mare, Italy, September
               12-14, 2007, Proceedings, Part III},
  publisher = {Springer},
  series = {Lecture Notes in Computer Science},
  volume = {4694},
  year = {2007},
  pages = {300-307},
  url = {http://dx.doi.org/10.1007/978-3-540-74829-8_37},
  bibsource = {DBLP, http://dblp.uni-trier.de}
}

@inproceedings{RovettaKES07,
  author = {Stefano Rovetta and
               Francesco Masulli and
               Maurizio Filippone},
  title = {Membership Embedding Space Approach and Spectral Clustering},
  booktitle = {Knowledge-Based Intelligent Information and Engineering
               Systems, 11th International Conference, KES 2007, XVII Italian
               Workshop on Neural Networks, Vietri sul Mare, Italy, September
               12-14, 2007, Proceedings, Part III},
  publisher = {Springer},
  series = {Lecture Notes in Computer Science},
  volume = {4694},
  year = {2007},
  pages = {901-908},
  url = {http://dx.doi.org/10.1007/978-3-540-74829-8_110},
  bibsource = {DBLP, http://dblp.uni-trier.de}
}

@inproceedings{CanestrelliIJCNN07,
  author = {Elio Canestrelli and
               Paolo Canestrelli and
               Marco Corazza and
               Maurizio Filippone and
               Silvio Giove and
               Francesco Masulli},
  title = {Local Learning of Tide Level Time Series using a Fuzzy Approach},
  booktitle = {Proceedings of the International Joint Conference on Neural
               Networks, IJCNN 2007, Celebrating 20 years of neural networks,
               Orlando, Florida, USA, August 12-17, 2007},
  publisher = {IEEE},
  year = {2007},
  pages = {1813-1818},
  url = {http://dx.doi.org/10.1109/IJCNN.2007.4371233},
  bibsource = {DBLP, http://dblp.uni-trier.de}
}

@inproceedings{FilipponeWILF07,
  author = {Maurizio Filippone and
               Francesco Masulli and
               Stefano Rovetta},
  title = {Possibilistic Clustering in Feature Space},
  booktitle = {Applications of Fuzzy Sets Theory, 7th International Workshop
               on Fuzzy Logic and Applications, WILF 2007, Camogli, Italy,
               July 7-10, 2007, Proceedings},
  series = {Lecture Notes in Computer Science},
  volume = {4578},
  publisher = {Springer},
  year = {2007},
  pages = {219-226},
  url = {http://dx.doi.org/10.1007/978-3-540-73400-0_27},
  bibsource = {DBLP, http://dblp.uni-trier.de}
}

