@inproceedings{HensmanNIPS15,
  author = {James Hensman and Alexander G. de G. Matthews and Maurizio Filippone and Zoubin Ghahramani},
  title = {{MCMC} for Variationally Sparse {G}aussian Processes},
  booktitle = {Advances in Neural Information Processing Systems 28: Annual Conference
               on Neural Information Processing Systems 2015, December 7-12 2015,
               Montreal, Quebec, Canada},
  year = {2015}
}

@inproceedings{DellAmicoCCS15,
  author = {Matteo Dell'Amico and Maurizio Filippone},
  title = {{M}onte {C}arlo Strength Evaluation: Fast and Reliable Password Checking},
  booktitle = {Proceedings of the 22nd ACM Conference on Computer and Communications Security},
  year = {2015}
}

@inproceedings{FilipponeICML15,
  author = {Maurizio Filippone and Raphael Engler},
  title = {Enabling scalable stochastic gradient-based inference for {G}aussian processes by employing the {U}nbiased {LI}near {S}ystem {S}olv{E}r ({ULISSE})},
  booktitle = {Proceedings of the 32nd International Conference on Machine Learning, ICML 2015, Lille, France, July 6-11, 2015},
  year = {2015}
}

