@inproceedings{PapamarkouICML24,
  title = {Position: {B}ayesian Deep Learning is Needed in the Age of Large-Scale {AI}},
  author = {Papamarkou, Theodore and Skoularidou, Maria and Palla, Konstantina and Aitchison, Laurence and Arbel, Julyan and Dunson, David and Filippone, Maurizio and Fortuin, Vincent and Hennig, Philipp and Hern\'{a}ndez-Lobato, Jos\'{e} Miguel and Hubin, Aliaksandr and Immer, Alexander and Karaletsos, Theofanis and Khan, Mohammad Emtiyaz and Kristiadi, Agustinus and Li, Yingzhen and Mandt, Stephan and Nemeth, Christopher and Osborne, Michael A and Rudner, Tim G. J. and R\"{u}gamer, David and Teh, Yee Whye and Welling, Max and Wilson, Andrew Gordon and Zhang, Ruqi},
  booktitle = {Proceedings of the 41st International Conference on Machine Learning},
  pages = {39556--39586},
  year = {2024},
  editor = {Salakhutdinov, Ruslan and Kolter, Zico and Heller, Katherine and Weller, Adrian and Oliver, Nuria and Scarlett, Jonathan and Berkenkamp, Felix},
  volume = {235},
  series = {Proceedings of Machine Learning Research},
  month = {21--27 Jul},
  publisher = {PMLR},
  pdf = {https://raw.githubusercontent.com/mlresearch/v235/main/assets/papamarkou24b/papamarkou24b.pdf},
  url = {https://proceedings.mlr.press/v235/papamarkou24b.html}
}

