@inproceedings{RossiNIPS20,
  author = {Rossi, Simone and Marmin, Sebastien and Filippone, Maurizio},
  booktitle = {Advances in Neural Information Processing Systems},
  editor = {H. Larochelle and M. Ranzato and R. Hadsell and M.F. Balcan and H. Lin},
  pages = {9674--9686},
  publisher = {Curran Associates, Inc.},
  title = {{Walsh-Hadamard} Variational Inference for {B}ayesian Deep Learning},
  url = {https://proceedings.neurips.cc/paper/2020/file/6df182582740607da754e4515b70e32d-Paper.pdf},
  volume = {33},
  year = {2020}
}

@inproceedings{MitaAISTATS20,
  author = {Graziano Mita and Paolo Papotti and Maurizio Filippone and Pietro Michiardi},
  title = {{LIBRE: Learning Interpretable Boolean Rule Ensembles}},
  booktitle = {AISTATS 2020, Palermo, Italy},
  year = {2020},
  url = {https://arxiv.org/abs/1911.06537}
}

