@inproceedings{CutajarDGP_ARCCOS16,
  author = {Kurt Cutajar and Edwin V. Bonilla and Pietro Michiardi and Maurizio Filippone},
  title = {Accelerating Deep {G}aussian Processes Inference with Arc-Cosine Kernels},
  booktitle = {Bayesian Deep Learning Workshop, NIPS},
  year = {2016},
  url = {http://bayesiandeeplearning.org}
}

@inproceedings{XiongACMMM16,
  author = {Xiaoyu Xiong and
               Maurizio Filippone and
               Alessandro Vinciarelli},
  title = {Looking Good With Flickr Faves: {G}aussian Processes for Finding Difference Makers in Personality Impressions},
  booktitle = {ACM Multimedia},
  year = {2016}
}

@inproceedings{CutajarICML16,
  author = {Kurt Cutajar and Michael A. Osborne and John P. Cunningham and Maurizio Filippone},
  title = {Preconditioning Kernel Matrices},
  booktitle = {Proceedings of the 33rd International Conference on Machine Learning, ICML 2016, New York City, USA, June 19-24, 2016},
  year = {2016}
}

@inproceedings{NiuICML16,
  author = {Mu Niu and Simon Rogers and Maurizio Filippone and Dirk Husmeier},
  title = {Fast Inference in Nonlinear Dynamical Systems using Gradient Matching},
  booktitle = {Proceedings of the 33rd International Conference on Machine Learning, ICML 2016, New York City, USA, June 19-24, 2016},
  year = {2016}
}

