@inproceedings{KimACMMM12,
  author = {Samuel Kim and
               Maurizio Filippone and
               Fabio Valente and
               Alessandro Vinciarelli},
  title = {Predicting the conflict level in television political debates:
               an approach based on crowdsourcing, nonverbal communication
               and {G}aussian processes},
  booktitle = {Proceedings of the 20th ACM Multimedia Conference, MM '12,
               Nara, Japan, October 29 - November 02, 2012},
  publisher = {ACM},
  year = {2012},
  pages = {793-796},
  url = {http://doi.acm.org/10.1145/2393347.2396314}
}

@inproceedings{MohammadiACMMM12,
  author = {Gelareh Mohammadi and
               Antonio Origlia and
               Maurizio Filippone and
               Alessandro Vinciarelli},
  title = {From speech to personality: mapping voice quality and intonation
               into personality differences},
  booktitle = {Proceedings of the 20th ACM Multimedia Conference, MM '12,
               Nara, Japan, October 29 - November 02, 2012},
  publisher = {ACM},
  year = {2012},
  pages = {789-792},
  url = {http://doi.acm.org/10.1145/2393347.2396313}
}

