@inproceedings{HeinonenAISTATS25,
  title = {Robust Classification by Coupling Data Mollification with Label Smoothing},
  author = {Markus Heinonen and Ba-Hien Tran and Michael Kampffmeyer and Maurizio Filippone},
  booktitle = {The 28th International Conference on Artificial Intelligence and Statistics},
  year = {2025},
  url = {https://openreview.net/forum?id=ObNPRUia5P}
}

@inproceedings{LheritierAISTATS25,
  title = {Unconditionally Calibrated Priors for Beta Mixture Density Networks},
  author = {Alix Lh{\'e}ritier and Maurizio Filippone},
  booktitle = {The 28th International Conference on Artificial Intelligence and Statistics},
  year = {2025},
  url = {https://openreview.net/forum?id=JNWYDk3AnT}
}

@inproceedings{BenechehabICLR25,
  title = {Zero-shot Model-based Reinforcement Learning using Large Language Models},
  author = {Abdelhakim Benechehab and Youssef Attia El Hili and Ambroise Odonnat and Oussama Zekri and Albert Thomas and Giuseppe Paolo and Maurizio Filippone and Ievgen Redko and Bal{\'a}zs K{\'e}gl},
  booktitle = {The Thirteenth International Conference on Learning Representations},
  year = {2025},
  url = {https://openreview.net/forum?id=uZFXpPrwSh}
}

