@inproceedings{TranNeurIPS23,
  author = {Tran, Ba-Hien and Franzese, Giulio and Michiardi, Pietro and Filippone, Maurizio},
  booktitle = {Advances in Neural Information Processing Systems},
  editor = {A. Oh and T. Neumann and A. Globerson and K. Saenko and M. Hardt and S. Levine},
  pages = {6545--6567},
  publisher = {Curran Associates, Inc.},
  title = {One-Line-of-Code Data Mollification Improves Optimization of Likelihood-based Generative Models},
  url = {https://proceedings.neurips.cc//paper_files/paper/2023/hash/1516a7f7507d5550db5c7f29e995ec8c-Abstract-Conference.html},
  volume = {36},
  year = {2023}
}

@inproceedings{FranzeseNeurIPS23,
  author = {Franzese, Giulio and Corallo, Giulio and Rossi, Simone and Heinonen, Markus and Filippone, Maurizio and Michiardi, Pietro},
  booktitle = {Advances in Neural Information Processing Systems},
  editor = {A. Oh and T. Neumann and A. Globerson and K. Saenko and M. Hardt and S. Levine},
  pages = {37370--37400},
  publisher = {Curran Associates, Inc.},
  title = {Continuous-Time Functional Diffusion Processes},
  url = {https://proceedings.neurips.cc//paper_files/paper/2023/hash/75cd262a3fd8e76e37bb7941db141a1d-Abstract-Conference.html},
  volume = {36},
  year = {2023}
}

@inproceedings{WackerAISTATS23,
  title = {Complex-to-Real Sketches for Tensor Products with Applications to the Polynomial Kernel},
  author = {Wacker, Jonas and Ohana, Ruben and Filippone, Maurizio},
  booktitle = {Proceedings of The 26th International Conference on Artificial Intelligence and Statistics},
  pages = {5181--5212},
  year = {2023},
  editor = {Ruiz, Francisco and Dy, Jennifer and van de Meent, Jan-Willem},
  volume = {206},
  series = {Proceedings of Machine Learning Research},
  month = {25--27 Apr},
  publisher = {PMLR},
  url = {https://proceedings.mlr.press/v206/wacker23a.html}
}

