@article{FranzeseENTROPY23,
  author = {Franzese, Giulio and Rossi, Simone and Yang, Lixuan and Finamore, Alessandro and Rossi, Dario and Filippone, Maurizio and Michiardi, Pietro},
  title = {How Much Is Enough? A Study on Diffusion Times in Score-Based Generative Models},
  journal = {Entropy},
  volume = {25},
  year = {2023},
  number = {4},
  article-number = {633},
  url = {https://www.mdpi.com/1099-4300/25/4/633},
  issn = {1099-4300}
}

