@article{FilipponePR08,
  author = {Maurizio Filippone and
               Francesco Camastra and
               Francesco Masulli and
               Stefano Rovetta},
  title = {A Survey of Kernel and Spectral Methods for Clustering},
  journal = {Pattern Recognition},
  volume = {41},
  number = {1},
  month = {January},
  year = {2008},
  pages = {176-190},
  url = {http://dx.doi.org/10.1016/j.patcog.2007.05.018},
  award = {http://dx.doi.org/10.1016/j.patcog.2010.08.001}
}

