@article{LorenziNI19,
  author = {Marco Lorenzi and
               Maurizio Filippone and
               Giovanni B. Frisoni and
               Daniel C. Alexander and
               S{\'{e}}bastien Ourselin},
  title = {Probabilistic disease progression modeling to characterize diagnostic
               uncertainty: Application to staging and prediction in Alzheimer's
               disease},
  journal = {NeuroImage},
  volume = {190},
  pages = {56--68},
  year = {2019},
  url = {10.1016/j.neuroimage.2017.08.059},
  timestamp = {Sun, 02 Jun 2019 20:49:44 +0200},
  biburl = {https://dblp.org/rec/journals/neuroimage/LorenziFFAA19.bib},
  bibsource = {dblp computer science bibliography, https://dblp.org}
}

