@article{FilipponeIEEETFS10,
  author = {Maurizio Filippone and
               Francesco Masulli and
               Stefano Rovetta},
  title = {Applying the Possibilistic C-Means Algorithm in Kernel-Induced Spaces},
  journal = {IEEE Transactions on Fuzzy Systems},
  volume = {18},
  number = {3},
  month = {June},
  year = {2010},
  pages = {572-584},
  url = {http://dx.doi.org/10.1109/TFUZZ.2010.2043440}
}

@article{FilipponePR09,
  author = {Maurizio Filippone and
               Guido Sanguinetti},
  title = {Information Theoretic Novelty Detection},
  journal = {Pattern Recognition},
  volume = {43},
  number = {3},
  month = {March},
  year = {2010},
  pages = {805-814},
  url = {http://dx.doi.org/10.1016/j.patcog.2009.07.002}
}

