@article{FilipponeCSDA11,
  author = {Maurizio Filippone and
               Guido Sanguinetti},
  title = {Approximate inference of the bandwidth in multivariate kernel density estimation},
  journal = {Computational Statistics {\&} Data Analysis},
  volume = {55},
  number = {12},
  year = {2011},
  pages = {3104-3122},
  ee = {http://dx.doi.org/10.1016/j.csda.2011.05.023},
  bibsource = {DBLP, http://dblp.uni-trier.de},
  url = {http://dx.doi.org/10.1016/j.csda.2011.05.023}
}

@article{FilipponeIEEETSP11,
  author = {Maurizio Filippone and
               Guido Sanguinetti},
  title = {A Perturbative Approach to Novelty Detection in Autoregressive Models},
  journal = {IEEE Transactions on Signal Processing},
  volume = {59},
  number = {3},
  year = {2011},
  pages = {1027-1036},
  bibsource = {DBLP, http://dblp.uni-trier.de},
  url = {http://dx.doi.org/10.1109/TSP.2010.2094609}
}

@article{FilipponeSC10,
  author = {Maurizio Filippone and Francesco Masulli and Stefano Rovetta},
  title = {Simulated annealing for supervised gene selection},
  journal = {Soft Computing - A Fusion of Foundations, Methodologies and Applications},
  publisher = {Springer Berlin / Heidelberg},
  issn = {1432-7643},
  pages = {1471-1482},
  volume = {15},
  issue = {8},
  url = {http://dx.doi.org/10.1007/s00500-010-0597-8},
  year = {2011}
}

