@article{DominguesML18,
  author = {Remi Domingues and
               Pietro Michiardi and
               Jihane Zouaoui and
               Maurizio Filippone},
  title = {{Deep Gaussian Process autoencoders for novelty detection}},
  journal = {Machine Learning},
  volume = {107},
  number = {8-10},
  pages = {1363--1383},
  year = {2018},
  url = {https://doi.org/10.1007/s10994-018-5723-3}
}

@article{DominguesPR18,
  author = {Remi Domingues and
               Maurizio Filippone and
               Pietro Michiardi and
               Jihane Zouaoui},
  title = {A comparative evaluation of outlier detection algorithms: Experiments
               and analyses},
  journal = {Pattern Recognition},
  volume = {74},
  pages = {406--421},
  year = {2018},
  url = {https://doi.org/10.1016/j.patcog.2017.09.037}
}

