@article{FilipponeIJAR09,
  author = {Maurizio Filippone},
  title = {Dealing with Non-Metric Dissimilarities in Fuzzy Central Clustering Algorithms},
  journal = {International Journal of Approximate Reasoning},
  volume = {50},
  number = {2},
  month = {February},
  year = {2009},
  pages = {363-384},
  url = {http://dx.doi.org/10.1016/j.ijar.2008.08.006}
}

@article{CamastraNCA09,
  author = {Francesco Camastra and
               Maurizio Filippone},
  title = {A comparative evaluation of Nonlinear Dynamics Methods for Time Series Prediction},
  journal = {Neural Computing and Applications},
  volume = {18},
  number = {8},
  year = {2009},
  month = {November},
  pages = {1021-1029},
  url = {http://dx.doi.org/10.1007/s00521-009-0266-y}
}

@article{FilipponeIJKESDP09,
  author = {Maurizio Filippone and
               Francesco Masulli and
               Stefano Rovetta},
  title = {Clustering in the Membership Embedding Space},
  journal = {International Journal of Knowledge Engineering and Soft Data Paradigms},
  volume = {4},
  number = {1},
  year = {2009},
  pages = {363-375}
}

@article{RovettaNCL09,
  author = {Stefano Rovetta and
               Francesco Masulli and
               Maurizio Filippone},
  title = {Soft Ranking in Clustering},
  journal = {Neurocomputing},
  volume = {72},
  number = {7-9},
  year = {2009},
  month = {March},
  pages = {2028-2031},
  url = {http://dx.doi.org/10.1016/j.neucom.2008.11.015}
}

