@article{Macdonald2016BioMed,
  author = {Macdonald, Benn and Niu, Mu and Rogers, Simon and Filippone, Maurizio and Husmeier, Dirk},
  year = {2016},
  title = {Approximate parameter inference in systems biology using gradient matching: a comparative evaluation},
  journal = {BioMedical Engineering OnLine},
  volume = {15},
  month = {7},
  pages = {80},
  number = {Suppl 1},
  url = {https://doi.org/10.1186/s12938-016-0186-x}
}

@article{RondinaJNICL16,
  author = {Jane M. Rondina and Maurizio Filippone and Mark Girolami and Nick S. Ward},
  title = {Decoding post-stroke motor function from structural brain imaging },
  journal = {NeuroImage: Clinical },
  volume = {12},
  number = {},
  pages = {372-380},
  year = {2016},
  note = {},
  issn = {2213-1582},
  url = {http://dx.doi.org/10.1016/j.nicl.2016.07.014}
}

