@article{MarquandPLOSONE13,
  author = {Andre~F. Marquand and
             Maurizio Filippone and
             John Ashburner and
             Mark Girolami and             
             Janaina {Mour\~{a}o-Miranda} and
             Gareth~J. Barker and
             Steve~C~.R. Williams and
             P. Nigel Leigh and
             Camilla~R.~V. Blain},
  journal = {PLoS ONE},
  number = {7},
  pages = {e69237+},
  publisher = {Public Library of Science},
  title = {{Automated, High Accuracy Classification of Parkinsonian Disorders: A Pattern Recognition Approach}},
  url = {http://dx.doi.org/10.1371/journal.pone.0069237},
  volume = {8},
  year = {2013}
}

@article{FilipponeML13,
  year = {2013},
  issn = {0885-6125},
  journal = {Machine Learning},
  volume = {93},
  number = {1},
  title = {A comparative evaluation of stochastic-based inference methods for {G}aussian process models},
  url = {http://dx.doi.org/10.1007/s10994-013-5388-x},
  publisher = {Springer US},
  author = {Maurizio Filippone and
             Mingjun Zhong and
             Mark Girolami},
  pages = {93-114},
  language = {English}
}

@article{ZhaoIEEETAC13,
  author = {Yin Zhao and Jongrae Kim and Maurizio Filippone},
  journal = {IEEE Transactions on Automatic Control},
  title = {Aggregation Algorithm Towards Large-Scale Boolean Network Analysis},
  year = {2013},
  volume = {58},
  number = {8},
  pages = {1976-1985},
  url = {http://dx.doi.org/10.1109/TAC.2013.2251819},
  issn = {0018-9286}
}

