@article{Niu2017CompStats,
  author = {Niu, Mu and Macdonald, Benn and Rogers, Simon and Filippone, Maurizio and Husmeier, Dirk},
  year = {2017},
  title = {Statistical inference in mechanistic models: time warping for improved gradient matching},
  journal = {Computational Statistics},
  issn = {0943-4062},
  month = {8},
  pages = {1--33},
  url = {https://doi.org/10.1007/s00180-017-0753-z}
}

@article{XiongAMIS17,
  author = {Xiaoyu Xiong and V\'aclav \v{S}m\'idl and Maurizio Filippone},
  title = {Adaptive multiple importance sampling for {G}aussian processes},
  journal = {Journal of Statistical Computation and Simulation},
  volume = {87},
  number = {8},
  pages = {1644-1665},
  year = {2017},
  url = {http://dx.doi.org/10.1080/00949655.2017.1280037}
}

