@article{FilipponeIEEETPAMI14,
  year = {2014},
  journal = {IEEE Transactions on Pattern Analysis and Machine Intelligence},
  title = {Pseudo-Marginal {B}ayesian Inference for {G}aussian Processes},
  author = {Maurizio Filippone and
             Mark Girolami},
  volume = {36},
  number = {11},
  pages = {2214-2226},
  url = {http://dx.doi.org/10.1109/TPAMI.2014.2316530}
}

@article{KimIEEETAFFC14,
  author = {Samuel Kim and
               Fabio Valente and
               Maurizio Filippone and
               Alessandro Vinciarelli},
  journal = {IEEE Transactions on Affective Computing},
  title = {Predicting Continuous Conflict Perception with {B}ayesian {G}aussian Processes},
  year = {2014},
  volume = {5},
  number = {2},
  pages = {187-200},
  url = {http://dx.doi.org/10.1109/TAFFC.2014.2324564}
}

