@article{TranJMLR22,
  author = {Ba-Hien Tran and Simone Rossi and Dimitrios Milios and Maurizio Filippone},
  title = {All You Need is a Good Functional Prior for {B}ayesian Deep Learning},
  journal = {Journal of Machine Learning Research},
  year = {2022},
  volume = {23},
  number = {74},
  pages = {1--56},
  url = {https://jmlr.org/papers/v23/20-1340.html}
}

@article{MarminBA21,
  author = {S{\'e}bastien Marmin and Maurizio Filippone},
  title = {{Deep Gaussian Processes for Calibration of Computer Models (with Discussion)}},
  volume = {17},
  journal = {Bayesian Analysis},
  number = {4},
  publisher = {International Society for Bayesian Analysis},
  pages = {1301 -- 1350},
  year = {2022},
  url = {https://doi.org/10.1214/21-BA1293}
}

@article{CarotaISR21,
  author = {Carota, Cinzia and Filippone, Maurizio and Polettini, Silvia},
  title = {Assessing {B}ayesian Semi-Parametric Log-Linear Models: An Application to Disclosure Risk Estimation},
  journal = {International Statistical Review},
  volume = {90},
  number = {1},
  pages = {165-183},
  url = {https://onlinelibrary.wiley.com/doi/abs/10.1111/insr.12471},
  year = {2022}
}

@article{ZammitMangionJASA21,
  author = {Andrew Zammit-Mangion, Tin Lok James Ng, Quan Vu and Maurizio Filippone},
  title = {Deep Compositional Spatial Models},
  journal = {Journal of the American Statistical Association},
  volume = {117},
  number = {540},
  pages = {1787-1808},
  year = {2022},
  publisher = {Taylor & Francis},
  url = {https://doi.org/10.1080/01621459.2021.1887741}
}

