@article{DominguesAIRE19,
  author = {Remi Domingues and
               Pietro Michiardi and
               J\'sr\'emie Barlet and
               Maurizio Filippone},
  title = {{A comparative evaluation of novelty detection algorithms for discrete sequences}},
  journal = {Artificial Intelligence Review},
  volume = {53},
  pages = {3787-3812},
  year = {2020},
  url = {https://doi.org/10.1007/s10462-019-09779-4}
}

