@article{CarotaAOAS15,
  author = {Cinzia Carota and
             Maurizio Filippone and
             Roberto Leombruni and
             Silvia Polettini},
  title = {Bayesian nonparametric disclosure risk estimation via mixed effects log-linear models},
  journal = {Annals of Applied Statistics},
  year = {2015},
  volume = {9},
  number = {1},
  pages = {525-546},
  issn = {1932-6157},
  arxiv = {1306.5995},
  url = {http://dx.doi.org/10.1214/15-AOAS807}
}

@article{DellAmicoIEEETON14,
  author = {Matteo Dell'Amico and
           Maurizio Filippone and
           Petro Michiardi and
           Yves Roudier},
  journal = {IEEE/ACM Transactions on Networking},
  title = {On User Availability Prediction and Network Applications},
  year = {2015},
  volume = {23},
  number = {4},
  pages = {1300-1313},
  issn = {1063-6692},
  month = {Aug},
  url = {http://dx.doi.org/10.1109/TNET.2014.2321430}
}

