@article{FilipponeAOAS12,
  author = {Maurizio Filippone and
             Andre~F. Marquand and
             Camilla~R.~V. Blain and
             Steve~C~.R. Williams and
             Janaina {Mour\~{a}o-Miranda} and
             Mark Girolami},
  title = {Probabilistic Prediction of Neurological Disorders with a Statistical Assessment of Neuroimaging Data Modalities},
  journal = {Annals of Applied Statistics},
  volume = {6},
  number = {4},
  year = {2012},
  pages = {1883-1905},
  url = {http://dx.doi.org/10.1214/12-AOAS562}
}

@article{MohamedCGS11,
  author = {Linah Mohamed and
               Ben Calderhead and
               Maurizio Filippone and
               Mike Christie and
               Mark Girolami},
  title = {Population {MCMC} methods for history matching and uncertainty quantification},
  year = {2012},
  issn = {1420-0597},
  journal = {Computational Geosciences},
  volume = {16},
  number = {2},
  url = {http://dx.doi.org/10.1007/s10596-011-9232-8},
  publisher = {Springer Netherlands},
  pages = {423-436}
}

