@article{WackerJMLR24,
  author = {Jonas Wacker and Motonobu Kanagawa and Maurizio Filippone},
  title = {Improved Random Features for Dot Product Kernels},
  journal = {Journal of Machine Learning Research},
  year = {2024},
  volume = {25},
  number = {235},
  pages = {1--75},
  url = {http://jmlr.org/papers/v25/22-0118.html}
}

@article{ZammitMangionSPASTA24,
  title = {Spatial {B}ayesian neural networks},
  journal = {Spatial Statistics},
  volume = {60},
  pages = {100825},
  year = {2024},
  issn = {2211-6753},
  url = {https://www.sciencedirect.com/science/article/pii/S2211675324000162},
  author = {Andrew Zammit-Mangion and Michael D. Kaminski and Ba-Hien Tran and Maurizio Filippone and Noel Cressie}
}

