@misc{CutajarDGP16,
  author = {Kurt Cutajar and Edwin V. Bonilla and Pietro Michiardi and Maurizio Filippone},
  title = {Random Feature Expansions for Deep {G}aussian Processes},
  note = {arXiv:1610.04386},
  year = {2016},
  pdf = {http://arxiv.org/pdf/1610.04386.pdf},
  code = {https://github.com/mauriziofilippone/deep_gp_random_features},
  url = {http://arxiv.org/abs/1610.04386}
}

@misc{KrauthAUTOGP16,
  author = {Karl Krauth and Edwin V. Bonilla and Kurt Cutajar and Maurizio Filippone},
  title = {{AutoGP}: {E}xploring the Capabilities and Limitations of {G}aussian Process Models},
  note = {arXiv:1610.05392},
  year = {2016},
  pdf = {http://arxiv.org/pdf/1610.05392.pdf},
  url = {http://arxiv.org/abs/1610.05392},
  code = {https://github.com/ebonilla/AutoGP}
}

@misc{HanMB_SPECTRAL_CLUSTERING16,
  author = {Yufei Han and Maurizio Filippone},
  title = {Mini-Batch Spectral Clustering},
  note = {arXiv:1607.02024},
  year = {2016},
  pdf = {http://arxiv.org/pdf/1607.02024.pdf},
  url = {http://arxiv.org/abs/1607.02024},
  code = {https://github.com/yfhanhust/MiniBatchSpectralClustering}
}

@misc{CutajarPRECONDITIONING16,
  author = {Kurt Cutajar and Michael A. Osborne and John P. Cunningham and Maurizio Filippone},
  title = {Preconditioning Kernel Matrices},
  note = {arXiv:1602.06693},
  year = {2016},
  pdf = {http://www.eurecom.fr/~filippon/Publications/icml16.pdf},
  code = {https://github.com/mauriziofilippone/preconditioned_GPs},
  url = {http://arxiv.org/abs/1602.06693}
}

