@misc{FilipponePM_MCMC_AIS13,
  author = {Maurizio Filippone},
  title = {{B}ayesian Inference for {G}aussian Process Classifiers with Annealing and Pseudo-Marginal {MCMC}},
  note = {arXiv:1311.7320},
  year = {2013},
  pdf = {http://www.eurecom.fr/~filippon/Publications/icpr14_pm_ais.pdf},
  url = {http://arxiv.org/abs/1311.7320}
}

@misc{FilipponeTECH_REP_PM_GP13,
  author = {Maurizio Filippone and Mark Girolami},
  title = {Pseudo-Marginal {B}ayesian Inference for {G}aussian Processes},
  note = {arXiv:1310.0740},
  year = {2013},
  pdf = {http://www.eurecom.fr/~filippon/Publications/ieee-tpami14.pdf},
  url = {http://arxiv.org/abs/1310.0740}
}

@misc{CarotaTECH_REP_DISCLOSURE13,
  author = {Cinzia Carota and Maurizio Filippone and Roberto Leombruni and Silvia Polettini},
  title = {Bayesian nonparametric disclosure risk estimation via mixed effects log-linear models},
  note = {arXiv:1306.5995},
  year = {2013},
  month = {June},
  pdf = {http://www.eurecom.fr/~filippon/Publications/aoas15.pdf},
  url = {http://arxiv.org/abs/1306.5995}
}

