@misc{HensmanMCMC_SPARSEGP15,
  author = {James Hensman and Alexander G. de G. Matthews and Maurizio Filippone and Zoubin Ghahramani},
  title = {{MCMC} for Variationally Sparse {G}aussian Processes},
  note = {arXiv:1506.04000},
  year = {2015},
  pdf = {http://www.eurecom.fr/~filippon/Publications/nips15.pdf},
  code = {https://github.com/sparseMCMC/NIPS2015},
  url = {http://arxiv.org/abs/1506.04000}
}

@misc{XiongAMIS15,
  author = {Xiaoyu Xiong and V\'aclav \v{S}m\'idl and Maurizio Filippone},
  title = {Adaptive Multiple Importance Sampling for {G}aussian Processes},
  note = {arxiv.org/abs/1508.01050},
  year = {2015},
  pdf = {http://www.eurecom.fr/~filippon/Publications/amis_for_gps.pdf},
  url = {http://arxiv.org/abs/1508.01050}
}

@misc{FilipponeULISSE15,
  author = {Maurizio Filippone and Raphael Engler},
  title = {Enabling scalable stochastic gradient-based inference for {G}aussian processes by employing the {U}nbiased {LI}near {S}ystem {S}olv{E}r ({ULISSE})},
  note = {arXiv:1501.05427},
  year = {2015},
  pdf = {http://www.eurecom.fr/~filippon/Publications/icml15.pdf},
  url = {http://arxiv.org/abs/1501.05427}
}

