@misc{RossiInitVB18,
  author = {Simone Rossi and
               Pietro Michiardi and
               Maurizio Filippone},
  title = {{Good Initializations of Variational Bayes for Deep Models}},
  year = {2018},
  note = {arXiv:1810.08083},
  url = {http://arxiv.org/abs/1810.08083},
  pdf = {http://arxiv.org/abs/1810.08083.pdf}
}

@misc{MarminVCAL18,
  author = {S\'ebastien Marmin and
               Maurizio Filippone},
  title = {{Variational Calibration of Computer Models}},
  year = {2018},
  note = {arXiv:1810.12177},
  url = {http://arxiv.org/abs/1810.12177},
  pdf = {http://arxiv.org/abs/1810.12177.pdf}
}

@misc{MiliosGPD18,
  author = {Dimitrios Milios and
               Raffaello Camoriano and
               Pietro Michiardi and
               Lorenzo Rosasco and
               Maurizio Filippone},
  title = {{Dirichlet-based Gaussian Processes for Large-scale Calibrated Classification}},
  year = {2018},
  note = {arXiv:1805.10915},
  url = {http://arxiv.org/abs/1805.10915},
  pdf = {http://arxiv.org/abs/1805.10915.pdf}
}

@misc{TranConvGP18,
  author = {Gia-Lac Tran and
               Edwin V. Bonilla and
               John P. Cunningham and
               Pietro Michiardi and
               Maurizio Filippone},
  title = {{Calibrating Deep Convolutional Gaussian Processes}},
  year = {2018},
  note = {arXiv:1805.10522},
  url = {http://arxiv.org/abs/1805.10522},
  pdf = {http://arxiv.org/abs/1805.10522.pdf}
}

@misc{LorenziConstraining18,
  author = {Marco Lorenzi and Maurizio Filippone},
  title = {{Constraining the Dynamics of Deep Probabilistic Models}},
  note = {arXiv:1802.05680},
  year = {2018},
  pdf = {http://arxiv.org/pdf/1802.05680.pdf},
  url = {http://arxiv.org/abs/1802.05680}
}

