@techreport{FilipponeTECH_REP_PR06,
  author = {Maurizio Filippone and
               Francesco Camastra and
               Francesco Masulli and
               Stefano Rovetta},
  title = {A Survey of Kernel and Spectral Methods for Clustering},
  number = {DISI-TR-06-19},
  year = {2006},
  month = {18th October},
  institution = {Department of Computer and Information Sciences at the University of Genova, Italy}
}

@techreport{FilipponeTECH_REP_IJAR06,
  author = {Maurizio Filippone and
               Francesco Masulli and
               Stefano Rovetta},
  title = {A Wrapper Approach to Supervised Input Selection Using Simulated Annealing},
  number = {DISI-TR-06-10},
  year = {2006},
  month = {12th June},
  institution = {Department of Computer and Information Sciences at the University of Genova, Italy},
  pdf = {http://www.eurecom.fr/~filippon/Publications/tech_rep_ijar06.pdf}
}

