@techreport{FilipponeTECH_REP_RELATIONAL07,
  author = {Maurizio Filippone},
  title = {Fuzzy Clustering of Patterns Represented by Pairwise Dissimilarities},
  number = {ISE-TR-07-05},
  year = {2007},
  month = {October},
  institution = {Department of Information and Software Engineering, George Mason University},
  pdf = {http://www.eurecom.fr/~filippon/Publications/tech_rep_relational07.pdf}
}

