@misc{Mita2019libre,
  title = {LIBRE: Learning Interpretable Boolean Rule Ensembles},
  author = {Graziano Mita and Paolo Papotti and Maurizio Filippone and Pietro Michiardi},
  year = {2019},
  eprint = {1911.06537},
  archiveprefix = {arXiv},
  primaryclass = {cs.LG},
  note = {arXiv:1911.06537},
  url = {http://arxiv.org/abs/1911.06537},
  pdf = {http://arxiv.org/abs/1911.06537.pdf}
}

@misc{Candela2019sparsification,
  title = {Sparsification as a Remedy for Staleness in Distributed Asynchronous SGD},
  author = {Rosa Candela and Giulio Franzese and Maurizio Filippone and Pietro Michiardi},
  year = {2019},
  eprint = {1910.09466},
  archiveprefix = {arXiv},
  primaryclass = {cs.LG},
  note = {arXiv:1910.09466},
  url = {http://arxiv.org/abs/1910.09466},
  pdf = {http://arxiv.org/abs/1910.09466.pdf}
}

@misc{Rossi2019efficient,
  title = {Efficient Approximate Inference with Walsh-Hadamard Variational Inference},
  author = {Simone Rossi and Sebastien Marmin and Maurizio Filippone},
  year = {2019},
  eprint = {1912.00015},
  archiveprefix = {arXiv},
  primaryclass = {stat.ML},
  note = {arXiv:1912.00015},
  url = {http://arxiv.org/abs/1912.00015},
  pdf = {http://arxiv.org/abs/1912.00015.pdf}
}

@misc{RossiWHVI19,
  title = {{Walsh-Hadamard Variational Inference for Bayesian Deep Learning}},
  author = {Simone Rossi and Sebastien Marmin and Maurizio Filippone},
  year = {2019},
  eprint = {1905.11248},
  archiveprefix = {arXiv},
  primaryclass = {stat.ML},
  note = {arXiv:1905.11248},
  url = {http://arxiv.org/abs/1905.11248},
  pdf = {http://arxiv.org/abs/1905.11248.pdf}
}

@misc{ZammitMangionSpatial19,
  title = {{Deep Compositional Spatial Models}},
  author = {Andrew Zammit-Mangion and Tin Lok James Ng and Quan Vu and Maurizio Filippone},
  year = {2019},
  eprint = {1906.02840},
  archiveprefix = {arXiv},
  primaryclass = {stat.ME},
  note = {arXiv:1906.02840},
  url = {http://arxiv.org/abs/1906.02840},
  pdf = {http://arxiv.org/abs/1906.02840.pdf}
}

