@techreport{FilipponeTECH_REP_AR09,
  author = {Maurizio Filippone and
               Guido Sanguinetti},
  title = {Novelty detection in autoregressive models using information theoretic measures},
  number = {CS-09-06},
  year = {2009},
  month = {July},
  institution = {Department of Computer Science, University of Sheffield},
  pdf = {http://www.eurecom.fr/~filippon/Publications/tech_rep_ar09.pdf}
}

@techreport{FilipponeTECH_REP_INFO_THEO09,
  author = {Maurizio Filippone and
               Guido Sanguinetti},
  title = {Information Theoretic Novelty Detection},
  number = {CS-09-02},
  year = {2009},
  month = {February},
  institution = {Department of Computer Science, University of Sheffield},
  pdf = {http://www.eurecom.fr/~filippon/Publications/tech_rep_info_theo09.pdf}
}

