@misc{NemethPseudoExtended17,
  author = {Christopher Nemeth and Fredrik Lindsten and Maurizio Filippone and James Hensman},
  title = {{Pseudo-extended Markov chain Monte Carlo}},
  note = {arXiv:1708.05239},
  year = {2017},
  pdf = {http://arxiv.org/pdf/1708.05239.pdf},
  url = {http://arxiv.org/abs/1708.05239}
}

@misc{FitzsimonsMaxEntLD17,
  author = {Jack Fitzsimons and Diego Granziol and Kurt Cutajar and Michael Osborne and Maurizio Filippone and Stephen Roberts},
  title = {{Entropic Trace Estimates for Log Determinants}},
  note = {arXiv:1704.07223},
  year = {2017},
  pdf = {http://arxiv.org/pdf/1704.07223.pdf},
  url = {http://arxiv.org/abs/1704.07223}
}

@misc{FitzsimonsBLD17,
  author = {Jack Fitzsimons and Kurt Cutajar and Michael Osborne and Stephen Roberts and Maurizio Filippone},
  title = {{Bayesian Inference of Log Determinants}},
  note = {arXiv:1704.01445},
  year = {2017},
  pdf = {http://arxiv.org/pdf/1704.01445.pdf},
  url = {http://arxiv.org/abs/1704.01445}
}

@misc{LorenziPROGRESSION17,
  author = {Marco Lorenzi and Maurizio Filippone and Daniel C. Alexander and Sebastien Ourselin},
  title = {Disease Progression Modeling and Prediction through Random Effect {G}aussian Processes and Time Transformation},
  note = {arXiv:1701.01668},
  year = {2017},
  pdf = {http://arxiv.org/pdf/1701.01668.pdf},
  url = {http://arxiv.org/abs/1701.01668}
}

