@techreport{FilipponeTECH_REP_LGMS12,
  author = {Maurizio Filippone and Mingjun Zhong and Mark Girolami},
  title = {On the Fully {B}ayesian Treatment of Latent {G}aussian Models using Stochastic Simulations},
  number = {TR-2012-329},
  year = {2012},
  month = {February},
  institution = {School of Computing Science, University of Glasgow},
  pdf = {http://www.eurecom.fr/~filippon/Publications/ml13.pdf}
}

