@Comment  Journals
@article{FilipponeCSDA11,
  author    = {Maurizio Filippone and
               Guido Sanguinetti},
  title     = {Approximate inference of the bandwidth in multivariate kernel density estimation},
  journal   = {Computational Statistics {\&} Data Analysis},
  volume    = {55},
  number    = {12},
  year      = {2011},
  pages     = {3104-3122},
  ee        = {http://dx.doi.org/10.1016/j.csda.2011.05.023},
  bibsource = {DBLP, http://dblp.uni-trier.de},
  pdf       = {http://www.dcs.gla.ac.uk/~maurizio/Publications/csda11.pdf},
  url       = {http://dx.doi.org/10.1016/j.csda.2011.05.023},
}

@article{FilipponeIEEETSP11,
  author    = {Maurizio Filippone and
               Guido Sanguinetti},
  title     = {A Perturbative Approach to Novelty Detection in Autoregressive Models},
  journal   = {IEEE Transactions on Signal Processing},
  volume    = {59},
  number    = {3},
  year      = {2011},
  pages     = {1027-1036},
  bibsource = {DBLP, http://dblp.uni-trier.de},
  url       = {http://dx.doi.org/10.1109/TSP.2010.2094609},
  pdf       = {http://www.dcs.gla.ac.uk/~maurizio/Publications/ieee-tsp11.pdf},
}

@article{MohamedCGS11,
  author    = {Linah Mohamed and
               Ben Calderhead and
               Maurizio Filippone and
               Mike Christie and
               Mark Girolami},
  title     = {Population MCMC methods for history matching and uncertainty quantification},
  journal   = {Computational Geosciences},
  note      = {to appear},
}
@Comment   url       = {},
@Comment   volume    = {},
@Comment   number    = {},
@Comment   year      = {},
@Comment   pages     = {},
@Comment }

@article{FilipponeIEEETFS10,
  author    = {Maurizio Filippone and
               Francesco Masulli and
               Stefano Rovetta},
  title     = {Applying the Possibilistic C-Means Algorithm in Kernel-Induced Spaces},
  journal   = {IEEE Transactions on Fuzzy Systems},
  volume    = {18},
  number    = {3},
  month     = {June},
  year      = {2010},
  pages     = {572-584},
  url       = {http://dx.doi.org/10.1109/TFUZZ.2010.2043440},
  pdf       = {http://www.dcs.gla.ac.uk/~maurizio/Publications/ieee-tfs10.pdf},
}

@article{FilipponeSC10,
  author    = {Maurizio Filippone and
               Francesco Masulli and
               Stefano Rovetta},
  title     = {Simulated annealing for supervised gene selection},
  journal   = {Soft Computing},
  url       = {http://www.springerlink.com/content/x7p7037x28158u84/},
  note      = {to appear},
}
@Comment   volume    = {},
@Comment   number    = {},
@Comment   year      = {},
@Comment   pages     = {},
@Comment }

@article{FilipponePR09,
  author    = {Maurizio Filippone and
               Guido Sanguinetti},
  title     = {Information Theoretic Novelty Detection},
  journal   = {Pattern Recognition},
  volume    = {43},
  number    = {3},
  month     = {March},
  year      = {2010},
  pages     = {805-814},
  url       = {http://dx.doi.org/10.1016/j.patcog.2009.07.002},
  pdf       = {http://www.dcs.gla.ac.uk/~maurizio/Publications/pr09.pdf},
}

@article{FilipponeIJAR09,
  author    = {Maurizio Filippone},
  title     = {Dealing with Non-Metric Dissimilarities in Fuzzy Central Clustering Algorithms},
  journal   = {International Journal of Approximate Reasoning},
  volume    = {50},
  number    = {2},
  month     = {February},
  year      = {2009},
  pages     = {363-384},
  url       = {http://dx.doi.org/10.1016/j.ijar.2008.08.006},
  pdf       = {http://www.dcs.gla.ac.uk/~maurizio/Publications/ijar09.pdf},
}

@article{CamastraNCA09,
  author    = {Francesco Camastra and
               Maurizio Filippone},
  title     = {A comparative evaluation of Nonlinear Dynamics Methods for Time Series Prediction},
  journal   = {Neural Computing and Applications},
  volume    = {18},
  number    = {8},
  year      = {2009},
  month     = {November},
  pages     = {1021-1029},
  url       = {http://dx.doi.org/10.1007/s00521-009-0266-y},
  pdf       = {http://www.dcs.gla.ac.uk/~maurizio/Publications/nca09.pdf},
}

@article{FilipponeIJKESDP09,
  author    = {Maurizio Filippone and
               Francesco Masulli and
               Stefano Rovetta},
  title     = {Clustering in the Membership Embedding Space},
  journal   = {International Journal of Knowledge Engineering and Soft Data Paradigms},
  volume    = {4},
  number    = {1},
  year      = {2009},
  pages     = {363-375},
}
@Comment   url       = {},
@Comment   PDF not available for copyright issues

@article{RovettaNCL09,
  author    = {Stefano Rovetta and
               Francesco Masulli and
               Maurizio Filippone},
  title     = {Soft Ranking in Clustering},
  journal   = {Neurocomputing},
  volume    = {72},
  number    = {7-9},
  year      = {2009},
  month     = {March},
  pages     = {2028-2031},
  url       = {http://dx.doi.org/10.1016/j.neucom.2008.11.015},
  pdf       = {http://www.dcs.gla.ac.uk/~maurizio/Publications/ncl09.pdf},
}

@article{FilipponePR08,
  author    = {Maurizio Filippone and
               Francesco Camastra and
               Francesco Masulli and
               Stefano Rovetta},
  title     = {A Survey of Kernel and Spectral Methods for Clustering},
  journal   = {Pattern Recognition},
  volume    = {41},
  number    = {1},
  month     = {January},
  year      = {2008},
  pages     = {176-190},
  url       = {http://dx.doi.org/10.1016/j.patcog.2007.05.018},
  pdf       = {http://www.dcs.gla.ac.uk/~maurizio/Publications/pr08.pdf},
}


@Comment  Conference Proceedings
@inproceedings{BarbaraVM08,
  author    = {Daniel Barbar{\'a} and
               Carlotta Domeniconi and
               Zoran Duric and
               Maurizio Filippone and
               Richard Mansfield and
               Edgard Lawson},
  title     = {Detecting Suspicious Behavior in Surveillance Images},
  booktitle = {ICDM Workshops},
  year      = {2008},
  pages     = {891-900},
  url       = {http://dx.doi.org/10.1109/ICDMW.2008.36},
  crossref  = {DBLP:conf/icdm/2008w},
  bibsource = {DBLP, http://dblp.uni-trier.de},
  pdf       = {http://www.dcs.gla.ac.uk/~maurizio/Publications/icdm08.pdf},
}

@proceedings{DBLP:conf/icdm/2008w,
  title     = {Workshops Proceedings of the 8th IEEE International Conference
               on Data Mining (ICDM 2008), December 15-19, 2008, Pisa,
               Italy},
  booktitle = {ICDM Workshops},
  publisher = {IEEE Computer Society},
  year      = {2008},
  bibsource = {DBLP, http://dblp.uni-trier.de}
}

@inproceedings{FilipponeCIBB08,
  author    = {Maurizio Filippone and
               Francesco Masulli and
               Stefano Rovetta},
  title     = {Stability and Performances in Biclustering Algorithms},
  booktitle = {CIBB},
  year      = {2008},
  pages     = {91-101},
  ee        = {http://dx.doi.org/10.1007/978-3-642-02504-4_8},
  crossref  = {DBLP:conf/cibb/2008},
  bibsource = {DBLP, http://dblp.uni-trier.de}
}

@proceedings{DBLP:conf/cibb/2008,
  editor    = {Francesco Masulli and
               Roberto Tagliaferri and
               Gennady Verkhivker},
  title     = {Computational Intelligence Methods for Bioinformatics and
               Biostatistics, 5th International Meeting, CIBB 2008, Vietri
               sul Mare, Italy, October 3-4, 2008, Revised Selected Papers},
  booktitle = {CIBB},
  publisher = {Springer},
  series    = {Lecture Notes in Computer Science},
  volume    = {5488},
  year      = {2009},
  isbn      = {978-3-642-02503-7},
  ee        = {http://dx.doi.org/10.1007/978-3-642-02504-4},
  bibsource = {DBLP, http://dblp.uni-trier.de}
}

@inproceedings{FilipponeWIRN08,
  author    = {Maurizio Filippone and
               Francesco Masulli and
               Stefano Rovetta},
  title     = {An Experimental Comparison of Kernel Clustering Methods},
  booktitle = {WIRN},
  year      = {2008},
  pages     = {118-126},
  ee        = {http://dx.doi.org/10.3233/978-1-58603-984-4-118},
  crossref  = {DBLP:conf/wirn/2008},
  bibsource = {DBLP, http://dblp.uni-trier.de}
}

@proceedings{DBLP:conf/wirn/2008,
  editor    = {Bruno Apolloni and
               Simone Bassis and
               Maria Marinaro},
  title     = {New Directions in Neural Networks - 18th Italian Workshop
               on Neural Networks: WIRN 2008, Vietri sul Mare, Italy, May
               22-24, 2008, Revised Selected Papers},
  booktitle = {WIRN},
  publisher = {IOS Press},
  series    = {Frontiers in Artificial Intelligence and Applications},
  volume    = {193},
  year      = {2009},
  isbn      = {978-1-58603-984-4},
  bibsource = {DBLP, http://dblp.uni-trier.de}
}

@inproceedings{CamastraKES07,
  author    = {Francesco Camastra and
               Maurizio Filippone},
  title     = {{SVM}-Based Time Series Prediction with Nonlinear Dynamics
               Methods},
  booktitle = {KES (3)},
  year      = {2007},
  pages     = {300-307},
  url        = {http://dx.doi.org/10.1007/978-3-540-74829-8_37},
  crossref  = {DBLP:conf/kes/2007-3},
  bibsource = {DBLP, http://dblp.uni-trier.de},
  pdf       = {http://www.dcs.gla.ac.uk/~maurizio/Publications/kes07.pdf},
}

@inproceedings{RovettaKES07,
  author    = {Stefano Rovetta and
               Francesco Masulli and
               Maurizio Filippone},
  title     = {Membership Embedding Space Approach and Spectral Clustering},
  booktitle = {KES (3)},
  year      = {2007},
  pages     = {901-908},
  url        = {http://dx.doi.org/10.1007/978-3-540-74829-8_110},
  crossref  = {DBLP:conf/kes/2007-3},
  bibsource = {DBLP, http://dblp.uni-trier.de},
  pdf       = {http://www.dcs.gla.ac.uk/~maurizio/Publications/kes07bis.pdf},
}

@proceedings{DBLP:conf/kes/2007-3,
  editor    = {Bruno Apolloni and
               Robert J. Howlett and
               Lakhmi C. Jain},
  title     = {Knowledge-Based Intelligent Information and Engineering
               Systems, 11th International Conference, KES 2007, XVII Italian
               Workshop on Neural Networks, Vietri sul Mare, Italy, September
               12-14, 2007, Proceedings, Part III},
  booktitle = {KES (3)},
  publisher = {Springer},
  series    = {Lecture Notes in Computer Science},
  volume    = {4694},
  year      = {2007},
  isbn      = {978-3-540-74828-1},
  bibsource = {DBLP, http://dblp.uni-trier.de}
}


@inproceedings{CanestrelliIJCNN07,
  author    = {Elio Canestrelli and
               Paolo Canestrelli and
               Marco Corazza and
               Maurizio Filippone and
               Silvio Giove and
               Francesco Masulli},
  title     = {Local Learning of Tide Level Time Series using a Fuzzy Approach},
  booktitle = {IJCNN},
  year      = {2007},
  pages     = {1813-1818},
  url        = {http://dx.doi.org/10.1109/IJCNN.2007.4371233},
  crossref  = {DBLP:conf/ijcnn/2007},
  bibsource = {DBLP, http://dblp.uni-trier.de},
  pdf       = {http://www.dcs.gla.ac.uk/~maurizio/Publications/ijcnn07.pdf},
}

@proceedings{DBLP:conf/ijcnn/2007,
  title     = {Proceedings of the International Joint Conference on Neural
               Networks, IJCNN 2007, Celebrating 20 years of neural networks,
               Orlando, Florida, USA, August 12-17, 2007},
  booktitle = {IJCNN},
  publisher = {IEEE},
  year      = {2007},
  bibsource = {DBLP, http://dblp.uni-trier.de}
}

@inproceedings{FilipponeWILF07,
  author    = {Maurizio Filippone and
               Francesco Masulli and
               Stefano Rovetta},
  title     = {Possibilistic Clustering in Feature Space},
  booktitle = {WILF},
  year      = {2007},
  pages     = {219-226},
  url        = {http://dx.doi.org/10.1007/978-3-540-73400-0_27},
  crossref  = {DBLP:conf/wilf/2007},
  bibsource = {DBLP, http://dblp.uni-trier.de},
  pdf       = {http://www.dcs.gla.ac.uk/~maurizio/Publications/wilf07.pdf},
}

@proceedings{DBLP:conf/wilf/2007,
  editor    = {Francesco Masulli and
               Sushmita Mitra and
               Gabriella Pasi},
  title     = {Applications of Fuzzy Sets Theory, 7th International Workshop
               on Fuzzy Logic and Applications, WILF 2007, Camogli, Italy,
               July 7-10, 2007, Proceedings},
  booktitle = {WILF},
  publisher = {Springer},
  series    = {Lecture Notes in Computer Science},
  volume    = {4578},
  year      = {2007},
  isbn      = {978-3-540-73399-7},
  bibsource = {DBLP, http://dblp.uni-trier.de}
}

@inproceedings{FilipponeCMSB06,
  author    = {Maurizio Filippone and
               Francesco Masulli and
               Stefano Rovetta and
               Sushmita Mitra and
               Haider Banka},
  title     = {Possibilistic Approach to Biclustering: An Application to
               Oligonucleotide Microarray Data Analysis},
  booktitle = {CMSB},
  year      = {2006},
  pages     = {312-322},
  url        = {http://dx.doi.org/10.1007/11885191_22},
  crossref  = {DBLP:conf/cmsb/2006},
  bibsource = {DBLP, http://dblp.uni-trier.de},
  pdf       = {http://www.dcs.gla.ac.uk/~maurizio/Publications/cmsb06.pdf},
}

@proceedings{DBLP:conf/cmsb/2006,
  editor    = {Corrado Priami},
  title     = {Computational Methods in Systems Biology, International
               Conference, CMSB 2006, Trento, Italy, October 18-19, 2006,
               Proceedings},
  booktitle = {CMSB},
  publisher = {Springer},
  series    = {Lecture Notes in Computer Science},
  volume    = {4210},
  year      = {2006},
  isbn      = {3-540-46166-3},
  bibsource = {DBLP, http://dblp.uni-trier.de}
}

@inproceedings{FilipponeCISI06,
  author    = {Maurizio Filippone and
               Francesco Masulli and
               Stefano Rovetta and
               Sergiu-Petre Constantinescu},
  title     = {Input Selection with Mixed Data Sets: A Simulated Annealing Wrapper Approach},
  booktitle = {CISI 06 - Conferenza Italiana Sistemi Intelligenti},
  year      = {2006},
  address   = {Ancona - Italy},
  month     = {27-29 September},
  pdf       = {http://www.dcs.gla.ac.uk/~maurizio/Publications/cisi06.pdf},
}


@inproceedings{FilipponeCIBB06,
  author    = {Maurizio Filippone and
               Francesco Masulli and
               Stefano Rovetta},
  title     = {Gene Expression Data Analysis in the Membership Embedding Space: A Constructive Approach.},
  booktitle = {CIBB 2006 - Third International Meeting on Computational Intelligence Methods for Bioinformatics and Biostatistics},
  year      = {2006},
  address   = {Genova - Italy},
  month     = {29-31 August},
  pdf       = {http://www.dcs.gla.ac.uk/~maurizio/Publications/cibb06.pdf},
}


@inproceedings{FilipponeIJCNN06,
  author    = {Maurizio Filippone and
               Francesco Masulli and
               Stefano Rovetta},
  title     = {Supervised Classification and Gene Selection Using Simulated
               Annealing},
  booktitle = {IJCNN},
  year      = {2006},
  pages     = {3566-3571},
  url        = {http://dx.doi.org/10.1109/IJCNN.2006.247366},
  crossref  = {DBLP:conf/ijcnn/2006},
  bibsource = {DBLP, http://dblp.uni-trier.de},
  pdf       = {http://www.dcs.gla.ac.uk/~maurizio/Publications/ijcnn06.pdf},
}

@proceedings{DBLP:conf/ijcnn/2006,
  title     = {Proceedings of the International Joint Conference on Neural
               Networks, IJCNN 2006, part of the IEEE World Congress on
               Computational Intelligence, WCCI 2006, Vancouver, BC, Canada,
               16-21 July 2006},
  booktitle = {IJCNN},
  publisher = {IEEE},
  year      = {2006},
  bibsource = {DBLP, http://dblp.uni-trier.de}
}

@inproceedings{FilipponeWILF05,
  author    = {Maurizio Filippone and
               Francesco Masulli and
               Stefano Rovetta},
  title     = {Unsupervised Gene Selection and Clustering Using Simulated Annealing.},
  booktitle = {WILF},
  year      = {2005},
  pages     = {229-235},
  url        = {http://dx.doi.org/10.1007/11676935_28},
  crossref  = {DBLP:conf/wilf/2005},
  bibsource = {DBLP, http://dblp.uni-trier.de},
  pdf       = {http://www.dcs.gla.ac.uk/~maurizio/Publications/wilf05.pdf},
}

@proceedings{DBLP:conf/wilf/2005,
  editor    = {Isabelle Bloch and
               Alfredo Petrosino and
               Andrea Tettamanzi},
  title     = {Fuzzy Logic and Applications, 6th International Workshop,
               WILF 2005, Crema, Italy, September 15-17, 2005, Revised
               Selected Papers},
  booktitle = {WILF},
  publisher = {Springer},
  series    = {Lecture Notes in Computer Science},
  volume    = {3849},
  year      = {2006},
  isbn      = {3-540-32529-8},
  bibsource = {DBLP, http://dblp.uni-trier.de}
}


@inproceedings{MasulliCIBIO05,
  author    = {Francesco Masulli and
                  Stefano Rovetta and
                  Maurizio Filippone},
  title     = {Clustering Genomic Data in the Membership Embedding Space},
  booktitle = {CI-BIO - Workshop on Computational Intelligence Approaches for the Analysis of Bioinformatics Data},
  year      = {2005},
  address   = {Montreal - Canada},
  month     = {5 August},
  pdf       = {http://www.dcs.gla.ac.uk/~maurizio/Publications/cibio05.pdf},
}


@inproceedings{RovettaWIRN05,
  author    = {Stefano Rovetta and
               Francesco Masulli and
               Maurizio Filippone},
  title     = {Soft Rank Clustering},
  booktitle = {WIRN/NAIS},
  year      = {2005},
  pages     = {207-213},
  url        = {http://dx.doi.org/10.1007/11731177_29},
  crossref  = {DBLP:conf/wirn/2005},
  bibsource = {DBLP, http://dblp.uni-trier.de},
  pdf       = {http://www.dcs.gla.ac.uk/~maurizio/Publications/wirn05.pdf},
}

@proceedings{DBLP:conf/wirn/2005,
  editor    = {Bruno Apolloni and
               Maria Marinaro and
               Giuseppe Nicosia and
               Roberto Tagliaferri},
  title     = {Neural Nets, 16th Italian Workshop on Neural Nets, WIRN
               2005, and International Workshop on Natural and Artificial
               Immune Systems, NAIS 2005, Vietri sul Mare, Italy, June
               8-11, 2005, Revised Selected Papers},
  booktitle = {WIRN/NAIS},
  publisher = {Springer},
  series    = {Lecture Notes in Computer Science},
  volume    = {3931},
  year      = {2006},
  isbn      = {3-540-33183-2},
  bibsource = {DBLP, http://dblp.uni-trier.de}
}


@inproceedings{FilipponeWIRN04,
  author    = {Maurizio Filippone and
               Francesco Masulli and
               Stefano Rovetta},
  title     = {{ERAF}: a {R} Package for Regression and Forecasting},
  booktitle = {Biological and Artificial Intelligence Environments},
  pages     = {165-173},
  crossref  = {WIRN04:1402034318},
  pdf       = {http://www.dcs.gla.ac.uk/~maurizio/Publications/wirn04.pdf},
}

@book{WIRN04:1402034318,
 author = {Bruno Apolloni and Maria Marinaro and Roberto Tagliaferri},
 title = {Biological and Artificial Intelligence Environments},
 year = {2005},
 isbn = {1402034318},
 publisher = {Springer-Verlag New York, Inc.},
 address = {Secaucus, NJ, USA},
 }
@Comment   booktitle = {WIRN 04 - XV Italian Workshop on Neural Networks},


@Comment  Technical Reports
@techreport{FilipponeTECH_REP_LGMS12,
  author     = {Maurizio Filippone and Mingjun Zhong and Mark Girolami},
  title      = {On the Fully Bayesian Treatment of Latent Gaussian Models using Stochastic Simulations}, 
  number     = {TR-2012-329},
  year = {2012},
  month = {February},
  institution = {School of Computing Science, University of Glasgow},
  pdf       = {http://www.dcs.gla.ac.uk/~maurizio/Publications/tech_rep_lgms12.pdf},
}

@techreport{FilipponeTECH_REP_AR09,
  author    = {Maurizio Filippone and
               Guido Sanguinetti},
  title     = {Novelty detection in autoregressive models using information theoretic measures},
  number    = {CS-09-06},
  year      = {2009},
  month     = {July},
  institution = {Department of Computer Science, University of Sheffield},
  pdf       = {http://www.dcs.gla.ac.uk/~maurizio/Publications/tech_rep_ar09.pdf},
}

@techreport{FilipponeTECH_REP_INFO_THEO09,
  author    = {Maurizio Filippone and
               Guido Sanguinetti},
  title     = {Information Theoretic Novelty Detection},
  number    = {CS-09-02},
  year      = {2009},
  month     = {February},
  institution = {Department of Computer Science, University of Sheffield},
  pdf       = {http://www.dcs.gla.ac.uk/~maurizio/Publications/tech_rep_info_theo09.pdf},
}

@techreport{FilipponeTECH_REP_RELATIONAL07,
  author    = {Maurizio Filippone},
  title     = {Fuzzy Clustering of Patterns Represented by Pairwise Dissimilarities},
  number    = {ISE-TR-07-05},
  year      = {2007},
  month     = {October},
  institution = {Department of Information and Software Engineering, George Mason University},
  pdf       = {http://www.dcs.gla.ac.uk/~maurizio/Publications/tech_rep_relational07.pdf},
}


@techreport{FilipponeTECH_REP_PR06,
  author    = {Maurizio Filippone and
               Francesco Camastra and
               Francesco Masulli and
               Stefano Rovetta},
  title     = {A Survey of Kernel and Spectral Methods for Clustering},
  number    = {DISI-TR-06-19},
  year      = {2006},
  month     = {18th October},
  institution = {Department of Computer and Information Sciences at the University of Genova, Italy},
}


@techreport{FilipponeTECH_REP_IJAR06,
  author    = {Maurizio Filippone and
               Francesco Masulli and
               Stefano Rovetta},
  title     = {A Wrapper Approach to Supervised Input Selection Using Simulated Annealing},
  number    = {DISI-TR-06-10} ,
  year      = {2006},
  month     = {12th June},
  institution = {Department of Computer and Information Sciences at the University of Genova, Italy},
  pdf       = {http://www.dcs.gla.ac.uk/~maurizio/Publications/tech_rep_ijar06.pdf},
}


@Comment  Theses
@phdthesis{FilipponePhDThesis,
  author    = {Maurizio Filippone},
  title     = {Central Clustering in Kernel-Induced Spaces},
  school    = {University of Genova},
  year      = {2008},
  type      = {PhD Thesis in Computer Science},
  month     = {February},
  pdf       = {http://www.dcs.gla.ac.uk/~maurizio/Publications/PhD_Thesis.pdf},
}


@mastersthesis{FilipponeMastersThesis,
  author    = {Maurizio Filippone},
  title     = {Metodi di Ensemble per la Previsione di Serie Storiche},
  school    = {University of Genova},
  year      = {2004},
  type      = {Master's Degree Thesis in Physics},
  month     = {July},
  pdf       = {http://www.dcs.gla.ac.uk/~maurizio/Publications/Masters_Thesis.pdf},
}


@Comment  Magazines
@article{LinuxC_1,
  author    = {Claudia Calcagno and Maurizio Filippone and Dario Ghersi},
  journal   = {Linux \& C.},
  volume    = {53},
  pages     = {41--46},
  publisher = {Piscopo Editore S.R.L.},
  title     = {R: Potenza e Versatilit\`a per l'Analisi Statistica},
  year      = {2006},
  month     = {June},
  url       = {http://www.oltrelinux.com/2006/06/},
}
